1976 2605
377 1051 445 1090 Fig.
471 1051 499 1083 8.

565 171 658 214 270
714 152 1223 203 ANNOTATIONES
1247 154 1333 202 ET
1356 155 1833 209 FXPERIMENTA

559 280 611 320 ad
648 278 983 332 amplitudinem
1032 276 1228 318 cauitatis
1280 279 1447 319 moduli
1471 282 1644 322 limatus
1679 296 1725 334 a,
1763 286 1831 325 cui

559 344 611 383 ad
641 344 819 395 angulos
849 342 991 381 renos
1014 341 1262 380 decussatim
1302 342 1658 384 adferruminatus
1684 348 1741 388 est
1771 348 1829 388 al·

558 404 1833 457 tei·eiusdemmagnitudinisetformaeorbiculubbinferius

557 470 785 522 adaptatur
797 478 840 508 et
860 468 1057 510 firmatur
1069 469 1329 523 pedunculus
1339 484 1373 520 c,
1390 471 1727 515 orbicularihuic
1739 487 1833 515 cru-

557 535 595 573 ci
621 533 807 573 firmiter
845 531 1114 584 adhaerens,
1150 533 1220 587 qui
1255 533 1489 584 foramini,
1521 532 1691 576 inferius
1732 551 1830 578 mo-

557 597 660 638 dulo
682 595 1081 650 incisi‚imponitur
1099 608 1145 639 vt
1167 597 1348 638 orbiculi
1367 600 1387 638 :i
1409 599 1591 638 modulo
1612 599 1830 642 includan-

558 672 641 701 tur.
713 660 850 713 Super
877 660 949 700 has
977 660 1170 703 lamellas
1196 662 1431 703 infunditur
1460 662 1697 715 plumbum.
1718 664 1830 706 Glo-

557 725 644 765 buli
673 725 829 766 deinde
861 725 1038 767 formati
1076 726 1104 766 d
1127 726 1288 766 collum
1308 739 1339 780 g
1368 728 1626 768 abscinditur
1646 741 1735 768 non
1757 731 1829 770 ad-

557 790 740 829 modum
769 791 926 829 curtim
962 799 1004 829 et
1041 789 1239 831 lamellae
1277 792 1564 832 extrahuntur
1603 793 1831 846 postquam

558 853 736 893 cultello
765 851 929 905 globuli
968 853 1132 895 fissurae
1163 869 1184 894 a
1209 854 1393 895 lamellis
1421 855 1553 896 factae
1589 856 1829 910 aliquantu·

558 917 646 955 lum
690 918 884 956 diductae
913 916 1097 967 fuerint,
1139 929 1238 957 tunc
1268 919 1419 969 globus
1445 919 1691 959 decussatim
1725 921 1830 959 diui-

557 978 617 1017 sus
646 979 686 1017 in
714 987 900 1030 quatuor
944 980 1203 1030 quadrantes
1239 991 1281 1019 et
1319 984 1371 1019 ad
1398 983 1561 1021 collum
1588 982 1830 1024 cohaeren-

560 1051 624 1080 tes
652 1042 732 1080 erit
763 1040 983 1081 confectus
1012 1042 1102 1093 Fig.
1139 1045 1178 1081 8.

687 1144 722 1189 §.
770 1151 844 1187 18.
911 1148 1009 1188 Hoc
1043 1146 1225 1200 globulo
1256 1148 1317 1189 ita
1338 1156 1546 1187 oneratur
1566 1146 1826 1200 sclopetum‚

559 1222 603 1252 vt
651 1211 813 1251 collum
849 1210 1001 1251 sursum
1036 1211 1088 1250 acl
1132 1209 1348 1252 orificium
1383 1210 1582 1262 respiciat
1612 1237 1623 1258 ‚
1664 1211 1829 1250 fissurae

557 1288 666 1316 vero
700 1275 979 1327 spissamento
1014 1274 1203 1326 pulueris
1232 1276 1343 1327 pyrii
1376 1273 1641 1312 incumbant.
1709 1272 1830 1312 Tunc

561 1339 732 1393 explosi
763 1351 805 1379 et
839 1338 1054 1383 obiectum
1084 1336 1278 1378 ferientis
1303 1336 1468 1390 globuli
1498 1334 1755 1388 quadrantes
1791 1335 1830 1374 se

559 1403 780 1456 explicant
802 1404 1118 1453 ingens‚atque
1145 1400 1338 1451 amplum
1365 1399 1514 1439 vulnus
1535 1399 1745 1440 animanti
1766 1400 1830 1439 in-

560 1468 745 1518 fligunt,
788 1473 984 1504 mortem
1014 1464 1283 1502 subataneam
1307 1463 1514 1501 inducens
1564 1474 1619 1503 ex
1664 1463 1830 1516 profiu-

558 1532 630 1570 uio
670 1529 879 1579 sanguinis
927 1526 1142 1578 largiori,
1184 1537 1280 1565 cum
1329 1527 1627 1579 prostratione
1670 1528 1830 1568 virium

561 1603 890 1632 momentanea.

690 1676 725 1723 §.
773 1696 845 1732 19.
915 1681 1011 1721 Hoc
1036 1691 1167 1732 genus
1204 1678 1482 1733 globulorum
1521 1692 1610 1720 non
1646 1692 1827 1721 excaua·

563 1755 631 1785 tur
669 1747 822 1785 conice
859 1743 1032 1783 inferius
1060 1772 1071 1794 ‚
1114 1756 1166 1783 ne
1196 1757 1267 1784 aer
1302 1745 1465 1784 irruens
1502 1743 1692 1796 explicet
1719 1757 1826 1784 con-

560 1810 729 1850 iunctos
776 1808 1073 1862 quadrantes,
1116 1817 1342 1861 antequam
1393 1807 1608 1848 obiectum
1654 1807 1826 1858 feriant,

563 1873 631 1912 sed
661 1886 739 1927 per
784 1885 928 1914 acrem
968 1872 1175 1913 transiens
1210 1870 1406 1926 globulus
1433 1872 1606 1925 integer
1641 1882 1830 1923 maneat,

563 1950 693 1990 vsque
725 1938 823 1977 dum
854 1948 1001 1989 tangat
1034 1937 1249 1977 obiectum
1275 1946 1317 1976 et
1349 1946 1448 1975 tunc
1480 1936 1654 1975 demum
1680 1936 1728 1975 ab
1746 1937 1828 1976 ie'tu

567 2001 744 2041 dissiliat.
815 2003 1027 2042 Attamen
1048 2001 1091 2040 hi
1113 2000 1276 2051 globuli
1302 1998 1529 2040 inuolucro
1560 2000 1702 2040 linteo
1730 1999 1826 2039 sebo

567 2063 680 2104 illito
720 2064 1024 2104 circumuoluti
1063 2065 1115 2105 ad
1150 2064 1275 2104 tubos
1301 2063 1552 2106 cochleatos
1572 2073 1697 2116 atque
1718 2062 1826 2103 sclo-

567 2138 671 2182 peta
701 2129 918 2172 manuaria
947 2127 1138 2170 adhiberi
1169 2127 1355 2183 poss‘untv

1687 2186 1722 2233 ᾧ.
1751 2202 1822 2231 2ορ
