1976 2605
551 186 643 239 24⁸
1001 177 1089 225 DE
1125 179 1406 228 Aevom

548 305 665 345 ciem
702 303 917 351 tertiam,
954 301 1124 353 quam(
1159 294 1194 342 §.
1225 303 1265 339 8.
1295 303 1310 350 )
1348 298 1467 340 fusius
1506 300 1821 359 descripsimus,

550 379 705 420 etquae
737 373 884 404 motus
910 370 1085 419 quatuor
1127 365 1373 416 :admittit3
1407 376 1514 417 quos
1566 380 1621 407 eo
1675 369 1829 409 clarius

552 431 809 481 intelliges,
845 439 941 469 cum
983 437 1132 468 totum
1170 427 1518 480 postbrachiale‚
1561 441 1604 471 et
1638 434 1828 484 primum

551 494 725 547 pollicis
753 492 1054 533 internodium
1076 520 1088 544 ,
1129 495 1255 545 super
1283 491 1496 533 brachiale
1525 495 1569 534 in
1600 504 1697 535 arcu
1743 497 1826 537 cir·

551 559 636 598 culi
669 558 789 603 iuxta
824 555 863 596 se
898 554 1157 611 pofita‘effe
1198 556 1388 598 finxeris.
1455 557 1549 598 Erit
1585 560 1698 597 enim
1727 570 1828 600 tunc

543 622 706 677 primus
744 630 890 660 motus
920 648 933 671 ,
975 620 1004 660 fi
1042 623 1234 674 primum
1292 620 1463 674 pollicis
1511 623 1830 675 internodium,

549 687 594 728 in
621 685 707 725 hoc
736 696 836 724 arcu
865 694 1099 736 movetur,
1139 697 1264 740 atque
1298 686 1349 725 ad
1380 685 1692 738 polim-achiam
1722 699 1829 740 pro-

552 751 647 804 pius
673 749 920 803 apprimitur
942 763 955 798 ·,
978 743 1200 801 ,fec-andus,
1243 748 1270 789 si
1302 749 1351 788 ab
1396 749 1474 789 illo
1512 749 1738 790 declinatur
1765 749 1832 792 seu

552 813 809 863 abducitur3
846 812 995 852 tertius
1025 815 1139 865 erit,
1181 813 1210 854 fi
1252 812 1338 852 hoc
1375 812 1549 866 pollicis
1580 813 1830 854 internodi-

550 891 624 919 um
655 877 698 916 in
730 876 843 915 linea
879 875 991 929 quasi
1026 878 1134 917 radii
1173 876 1320 917 circuli
1361 888 1601 927 movetur,
1644 877 1729 916 hoc
1773 875 1833 917 est

552 939 696 981 versus
731 939 878 978 volam
917 938 1135 980 inclinatur
1157 966 1168 988 ,
1210 941 1280 993 qui
1319 949 1464 983 motus
1491 941 1530 980 se
1563 939 1832 992 potissimum

555 1004 730 1051 exerit,
774 1002 800 1040 si
832 1015 1073 1042 concavam
1104 1004 1286 1044 reddere
1316 1013 1490 1042 manum
1514 1003 1618 1043 velis
1640 1030 1651 1052 ‚
1680 1014 1748 1042 aut
1770 1003 1830 1043 di·

556 1068 753 1119 gitorum
777 1065 920 1115 apices
948 1066 1215 1116 coniungere
1239 1080 1252 1114 ·‚
1289 1070 1495 1115 quartus,
1533 1066 1560 1104 fi
1589 1066 1742 1115 pollex
1765 1077 1832 1104 re-

556 1128 732 1168 clinatur
764 1127 806 1165 in
831 1126 947 1166 sensu
983 1127 1262 1166 antecedenti
1304 1126 1506 1179 oppostto,
1565 1135 1609 1166 et
1658 1126 1833 1165 fortiter

558 1190 810 1232 extenditur.
877 1188 969 1229 Iam
1003 1190 1069 1229 hic
1095 1218 1105 1238 ‚
1145 1190 1197 1228 de
1222 1199 1309 1242 quo
1343 1189 1466 1226 nobis
1494 1188 1637 1227 sermo
1660 1188 1716 1226 est
1739 1199 1832 1226 mu·

558 1255 723 1303 senius,
763 1253 884 1304 supra
929 1253 1265 1291 antecedentem
1307 1251 1322 1297 (
1356 1245 1391 1291 §.
1426 1253 1542 1300 16.)
1582 1248 1745 1300 positus
1776 1259 1834 1289 ex

563 1319 708 1359 media
734 1316 858 1356 ulnae
890 1327 1014 1367 parte
1045 1325 1088 1356 et
1116 1315 1362 1368 ligamento
1383 1312 1518 1352 cubiti
1549 1324 1695 1352 ortum
1717 1311 1833 1351 suum

561 1383 709 1429 ducit,
747 1390 873 1431 atque
913 1380 956 1416 in
994 1386 1081 1418 tres
1121 1378 1320 1417 tendines
1357 1376 1574 1416 distinctos
1610 1376 1831 1424 dividitur,

561 1447 631 1497 qui
654 1454 808 1483 omnes
846 1441 1023 1492 obliquo
1052 1441 1175 1480 ductu
1206 1437 1450 1477 tendinibus
1480 1439 1641 1478 radiaei
1661 1438 1834 1479 externi

565 1507 729 1548 instrati
753 1502 894 1544 versus
925 1503 1132 1555 pollicem
1165 1502 1408 1553 diriguntur
1439 1528 1451 1552 ‚
1490 1503 1612 1555 eique
1649 1515 1833 1542 moven-

564 1572 624 1612 do
653 1569 903 1609 inserviunt.
974 1568 1143 1609 Horum
1182 1567 1312 1605 trium
1378 1565 1602 1606 tendinum
1640 1564 1831 1616 rinfimus,

563 1632 832 1676 internodio
872 1629 1045 1683 pollicis
1079 1630 1222 1682 primo
1258 1628 1561 1669 adhaerescens
1605 1641 1733 1682 usque
1782 1628 1835 1668 ad

566 1698 741 1739 initium
777 1695 909 1735 medii
942 1693 1192 1743 descendit,
1233 1703 1357 1746 atque
1387 1694 1427 1731 in
1457 1693 1594 1732 latere
1629 1691 1737 1732 illius
1758 1699 1832 1745 po-

554 1761 730 1819 steriore
756 1759 981 1802 inseritur:
1019 1757 1120 1797 hinc
1149 1767 1192 1798 et
1216 1757 1511 1797 internodium
1533 1756 1722 1798 medium
1746 1755 1834 1795 fine

571 1826 700 1868 dubio
730 1823 858 1875 erigit
887 1821 955 1862 seu
987 1820 1200 1872 extendit3
1234 1831 1277 1861 et
1313 1819 1338 1860 si
1376 1818 1530 1860 fortius
1569 1830 1665 1871 ngat
1691 1847 1717 1869 „
1744 1819 1831 1871 pri-

570 1901 691 1934 mum
737 1898 936 1941 quoque:
972 1887 1113 1941 quoad
1154 1883 1264 1925 hanc
1305 1885 1563 1936 portionem
1601 1884 1732 1937 igitur
1764 1882 1834 1923 hic

571 1951 781 1995 musculus
811 1950 895 1992 dici
920 1947 1128 1992 Extensor
1158 1947 1302 2003 potest
1329 1976 1340 1998 ,
1379 1948 1478 1988 dum
1513 1957 1685 1986 motum
1734 1944 1832 1987 illo·

572 2028 668 2059 rum
695 2043 707 2066 ,
745 2028 853 2069 quos
883 2014 1199 2063 recensuimus,
1235 2021 1432 2066 quartum
1465 2021 1660 2051 exercet.
1726 2010 1832 2050 Por-

574 2081 643 2122 tio
659 2075 846 2133 suprema
872 2079 1098 2120 tendinem
1129 2075 1303 2124 educit,
1342 2086 1665 2127 nonnumquam
1706 2073 1834 2113 subti-

573 2142 694 2199 lem,
739 2154 1066 2198 nonnumquam
1110 2138 1355 2183 crassiorem
1381 2166 1394 2193 ,
1430 2150 1555 2193 atque
1587 2140 1630 2180 in
1664 2136 1836 2190 pollicis

1730 2200 1839 2242 latus
