1976 2605
566 157 661 214 184
738 148 826 195 DE
865 144 1176 195 TRACHEIS
1211 143 1613 194 PLANTARUM

557 271 642 312 culi
666 284 755 310 non
779 270 853 310 nisi
878 279 1039 308 nouem
1061 275 1296 320 apparent,
1322 266 1505 320 quinque
1527 270 1711 310 omnino
1734 268 1825 310 for⁴

559 337 724 382 tiores,
765 345 819 371 ex
850 340 975 383 parte
1006 343 1205 371 conuexa
1234 329 1486 382 pedunculi,
1525 330 1608 371 duo
1652 334 1824 373 medio—

557 410 673 444 creS,
715 405 758 436 et
793 395 878 434 duo
902 393 1131 434 tenuissimi
1153 394 1195 434 in
1218 394 1372 434 vicinia
1396 395 1484 433 eius
1506 405 1681 446 cren-ae,
1718 409 1825 451 quae

558 459 809 499 obserantur
832 458 876 497 in
897 457 1034 498 latere
1057 456 1150 498 folii
1172 457 1222 498 ad
1244 456 1452 497 surculum
1475 460 1698 499 conuerso.
1752 472 1824 510 17.

555 524 727 565 Habent
758 520 829 560 illa
859 522 1080 574 originem
1111 533 1165 562 ex
1194 533 1354 562 nouem
1387 520 1587 560 fasciculis
1606 522 1731 562 caulis
1751 523 1826 565 sibi

557 586 775 636 subiecti53
813 594 901 624 tres
923 586 1039 624 enim
1065 585 1107 624 in
1133 594 1256 637 parte
1278 583 1430 634 caulis,
1458 597 1537 636 qua
1559 584 1712 625 folium
1736 599 1827 627 non

555 649 758 702 respicit,
813 648 899 689 stne
929 647 1217 688 bifurcatione
1245 658 1316 692 aut
1348 647 1555 689 diuisione
1586 649 1637 689 ad
1674 648 1828 690 folium

558 715 798 760 tendente,
839 723 943 753 eunt
981 712 1179 761 vlterius,
1222 721 1264 751 et
1303 715 1372 751 18.
1407 712 1459 752 ad
1489 724 1651 753 nouum
1673 712 1827 753 folium

556 776 832 819 formandum
857 786 1069 828 pergunt,
1111 775 1189 826 fic,
1230 785 1278 816 vt
1298 775 1402 816 folia
1424 775 1596 829 semper
1622 776 1672 816 ab
1694 777 1825 817 alter-

559 841 622 879 nis
658 850 926 892 generentur
963 839 1177 881 fasciculis.
1249 853 1322 891 19.
1361 839 1446 878 Vbi
1484 839 1745 892 pedunculus
1781 841 1828 879 in

558 902 712 942 folium
738 903 1028 953 expanditur,
1061 914 1148 943 tres
1167 901 1347 942 fasciculi
1371 903 1504 942 medii
1524 902 1719 944 formant
1741 912 1829 943 tres

557 965 694 1005 costas
717 963 809 1004 folii
832 966 1045 1012 maioreS,
1087 965 1238 1016 singuli
1258 965 1456 1016 singulas:
1495 966 1564 1005 sed
1592 967 1696 1007 duae
1716 968 1828 1007 late-

556 1018 666 1068 ral‘es
687 1027 829 1066 costae
849 1026 1095 1068 formantur
1114 1028 1285 1080 reliquis
1305 1027 1438 1068 tribus
1458 1028 1695 1069 minoribus
1711 1028 1831 1070 fasci·

557 1092 683 1138 culis,
723 1090 767 1128 in
798 1089 943 1142 quibus
979 1099 1128 1129 tamen
1151 1089 1381 1141 aliquando
1405 1090 1490 1129 duo
1514 1088 1711 1140 tamtum,
1751 1091 1829 1130 ali-

558 1153 730 1206 quando
756 1161 842 1192 tres
865 1152 1044 1193 distincti
1067 1160 1293 1204 apparent.
1366 1164 1438 1191 20.
1478 1150 1527 1190 In
1550 1151 1729 1203 singulas
1749 1163 1827 1192 co-

557 1217 713 1258 starum
744 1215 1084 1254 ramificationes
1115 1215 1200 1253 abit
1231 1214 1415 1253 fasciculi
1455 1215 1665 1266 p1·;1edi<9ci
1690 1215 1829 1266 aliqua

559 1293 679 1334 pars,
718 1290 935 1331 quousque
956 1289 1049 1316 rem
1071 1276 1191 1316 licuit
1215 1275 1425 1328 persequi.
1500 1287 1573 1314 21.
1612 1275 1724 1315 Illud
1746 1287 1828 1316 no-

558 1344 691 1385 tabile
723 1342 807 1391 est,
859 1341 1077 1382 fasciculos
1111 1339 1328 1380 eiusmodi
1355 1338 1638 1378 continuatos
1667 1349 1756 1378 tam
1785 1340 1830 1379 in

561 1406 705 1453 caule,
746 1417 871 1456 quam
894 1405 934 1441 in
961 1402 1207 1454 pedunculis
1229 1401 1462 1448 foliorum,
1505 1400 1637 1442 fibrae
1659 1401 1832 1443 alicuius

561 1469 732 1521 ligneae
761 1466 997 1506 subalbidae
1027 1464 1211 1516 speciem
1235 1463 1416 1502 referre:
1460 1474 1502 1502 et
1529 1479 1600 1504 22.
1625 1465 1653 1505 fi
1676 1467 1829 1505 diutius

562 1531 870 1576 continuetur,
912 1538 959 1568 vt
990 1540 1029 1566 v.
1063 1540 1102 1579 g.
1135 1528 1178 1566 in
1208 1526 1338 1565 ramis
1367 1528 1656 1578 tenuioribus,
1694 1528 1764 1567 vel
1784 1529 1829 1567 in

564 1592 813 1647 pedunculis
836 1592 1066 1640 foliorum,
1105 1589 1219 1638 fieri,
1260 1599 1305 1628 vt
1328 1588 1540 1629 foramina
1563 1602 1714 1629 eorum
1740 1602 1829 1632 non

563 1657 745 1708 amplius
769 1655 844 1693 sint
869 1655 1134 1706 conspicua,
1167 1665 1218 1692 ne
1241 1652 1412 1705 quidem
1437 1653 1618 1704 optimis
1649 1652 1675 1692 fi
1705 1663 1828 1693 vtare

563 1719 878 1770 mici-oscopiis.
950 1732 1023 1768 23.
1067 1717 1176 1758 Cum
1201 1716 1351 1756 alicubi
1375 1728 1516 1768 prope
1539 1715 1632 1755 folii
1660 1717 1827 1757 interti-

567 1796 700 1823 onem
724 1782 851 1822 caulis
875 1793 916 1822 et
938 1780 1089 1820 folium
1114 1779 1462 1832 computruerit,
1497 1779 1686 1820 distincte
1706 1780 1827 1820 licuit

565 1847 690 1887 fibras
712 1845 859 1892 hasce,
894 1846 960 1884 seu
985 1844 1200 1885 fasciculos
1223 1842 1478 1892 extrahere,
1518 1843 1748 1883 duodecim
1773 1855 1830 1885 ex

564 1911 708 1959 caule,
743 1922 798 1949 ex
821 1908 926 1948 solio
952 1920 1136 1955 nouem,
1163 1906 1372 1954 diuersae,
1411 1916 1457 1946 vt
1478 1905 1599 1959 supra
1623 1907 1824 1957 diximus,

567 1974 776 2012 crafficiei.
847 1972 1069 2013 Habebunt
1101 1970 1199 2011 illae
1222 1970 1433 2010 foramina
1457 1970 1520 2009 sua
1542 1969 1636 2010 satis
1657 1968 1825 2022 conspi-

567 2048 656 2075 cua.
728 2049 806 2091 24.
839 2037 1054 2076 Foramen
1078 2036 1119 2073 in
1143 2034 1290 2074 medio
1312 2031 1438 2073 caulis
1460 2034 1630 2073 obuium
1650 2033 1691 2072 in
1712 2032 1825 2072 radi-

567 2110 640 2149 ce,
691 2109 735 2138 et
764 2098 879 2139 foliis
907 2111 999 2140 non
1026 2097 1301 2152 conspicitur.
1376 2109 1450 2148 25.
1483 2097 1610 2140 Circa
1638 2095 1826 2138 surculo-

1731 2170 1826 2198 rum
