1976 2605
430 771 1084 880 ELEMENT
1096 772 1191 871 A

167 908 774 988 BRAHMANJCA,
844 897 1454 969 TANGVTANA,

539 1009 1072 1075 MVNGALICA.

658 1105 729 1164 T.
799 1106 861 1168 S.
932 1101 1005 1162 B.

173 1202 508 1425 SVperiori
534 1229 667 1261 tomo
702 1213 1162 1260 Commentariorum
1187 1212 1459 1256 Academiae
1486 1195 1686 1270 Ὗξξζξξξῖ·

327 1282 489 1324 tabulas
517 1284 668 1325 decem
690 1283 927 1334 scripturae
949 1280 1266 1322 Brahmanicae
1289 1306 1300 1329 ‚
1340 1279 1456 1320 Tan·
1480 1281 1675 1354 Χὲιῑέὗῑῖᾐ

332 1357 516 1398 gutanae
544 1358 585 1388 et
614 1345 889 1397 Mungalicae
922 1344 1117 1384 dedimus
1147 1359 1154 1385 z
1195 1356 1306 1383 nunc
1335 1343 1457 1385 tabu·

332 1411 390 1449 las
417 1410 731 1463 reliquasocsto
761 1421 816 1448 ex
845 1408 1005 1449 eodem
1031 1408 1147 1448 libro
1180 1407 1351 1448 Sinicae
1390 1419 1460 1460 ty·

187 1473 571 1529 pographiaecum
593 1471 970 1524 interpretatione
995 1471 1139 1510 nostra
1158 1469 1459 1522 subiungimus.

184 1539 237 1582 ln
263 1537 403 1578 tabula
428 1537 661 1579 vndecima
688 1544 732 1575 et
763 1535 1027 1576 duodecima
1055 1545 1098 1573 et
1131 1544 1255 1588 parte
1278 1536 1462 1589 quadam

186 1605 346 1643 tertiae
375 1611 417 1641 et
456 1602 649 1643 decimae
682 1599 852 1641 tabulae
889 1599 1056 1641 exstant
1085 1598 1325 1640 desinentia
1353 1612 1462 1640 con·

188 1666 436 1708 sonantibus
462 1677 486 1706 r
512 1674 556 1707 et
587 1663 603 1704 l
627 1675 671 1704 et
701 1666 847 1706 vocali
877 1677 912 1704 u.
982 1664 1108 1705 Parte
1135 1663 1272 1705 altera
1294 1663 1464 1704 tabulae

188 1730 311 1772 xm.
351 1741 394 1771 et
422 1731 465 1772 in
494 1730 646 1771 tabulis
673 1729 798 1772 XIV.
821 1729 928 1773 XV.
961 1728 1260 1782 sequentisque
1300 1725 1463 1768 maiori

193 1806 355 1850 parte,
396 1793 573 1849 syllabae
612 1795 739 1835 binae
777 1793 1001 1836 vocalibus
1039 1791 1138 1834 solis
1175 1792 1462 1841 terminatae,

194 1859 238 1900 in
266 1861 411 1914 quibus
437 1860 527 1901 sunt
559 1859 633 1901 sex
659 1860 865 1911 litterae,
902 1870 1003 1914 quas
1031 1857 1238 1910 indagare
1264 1855 1376 1896 nulla
1396 1866 1466 1895 ar·

191 1932 238 1964 te
269 1925 404 1978 potui.
441 1924 637 1965 Tandem
665 1925 812 1966 variae
831 1924 1059 1976 excipiunt
1082 1921 1262 1976 syllabae
1287 1948 1298 1971 ‚
1322 1932 1364 1960 et
1388 1930 1467 1961 ex-

195 1995 337 2029 trema
368 1989 517 2044 pagina
543 1989 860 2032 Brahmanicae
897 1987 1065 2030 exstant
1105 1998 1239 2028 voces
1273 1984 1464 2038 ingenti-

191 2051 267 2091 bus
305 2053 490 2095 ductibus
530 2054 645 2095 inter
689 2056 730 2096 se
778 2053 1018 2095 deuinctae.
1083 2051 1368 2106 Tangutanae
1421 2055 1467 2088 et

195 2114 473 2170 Mungalicac
505 2118 804 2160 Brahmanicis
839 2117 1134 2159 subiiciuntur.
1184 2115 1252 2157 ·1n
1294 2113 1360 2154 his
1388 2123 1465 2152 cx-

193 2184 347 2221 tremi>⁴
385 2181 679 2226 Brahmanicis
707 2212 720 2239 7
762 2182 869 2226 milii
907 2183 1065 2225 videor
1105 2180 1254 2234 videre
1304 2176 1465 2222 similes

195 2240 311 2285 Tem.
342 2244 429 2288 IV.
847 2247 889 2290 Ο
912 2259 940 2289 0
1411 2239 1465 2279 il-
