1976 2605
521 172 534 199 ι
545 172 578 209 4
847 149 935 196 DE
985 147 1216 200 ORBITA
1267 144 1446 197 SOLIS

515 278 615 317 dem
646 272 702 315 est
738 272 1064 322 eccentricitas²
1104 271 1274 324 ipsaque
1303 265 1522 309 anomalia
1550 267 1691 313 media
1727 267 1785 310 est

512 364 570 391 Z
588 333 637 371 fg
658 355 722 393 —l—
750 360 791 401 q.
857 347 970 386 Hinc
992 343 1176 383 calculus
1198 343 1340 382 oritur

847 431 940 484 log.
971 427 1008 485 f
1046 434 1164 471 ..z-8.
1208 441 1435 489 2405492

845 492 939 546 10g
977 501 1002 547 p
1039 507 1156 544 :9—
1200 505 1433 545 7055010

849 564 937 617 log.
962 560 1009 600 fe
1037 577 1157 616 27·
1201 572 1434 624 9460502

638 657 777 712 ipsum
799 651 928 718 {2—
874 669 927 676 -·
950 669 992 697 0.
1034 662 1231 712 008832
1253 661 1444 702 :arcui
1463 661 1559 704 NM
1585 661 1656 716 fig.
1682 676 1723 703 2.

1062 748 1083 770 0
1172 751 1191 772 l
1266 750 1303 771 ff

837 778 999 821 five:
1054 795 1081 822 0
1125 794 1185 833 30
1230 796 1288 822 22

808 855 1219 911 Q
1261 860 1288 896 9

524 915 760 957 Anomalia
785 917 926 955 media
945 929 1000 955 z
1025 930 1080 967 31
1155 931 1182 958 o
1227 932 1283 968 31
1329 921 1379 975 Q.
1403 919 1454 960 E.
1478 919 1528 960 F.

658 1047 675 1072 1
691 1037 729 1072 8.
798 1034 881 1074 Pro
910 1033 1204 1075 construendis
1223 1035 1374 1077 tabulis
1394 1033 1790 1089 prosthaphaereti·

525 1096 609 1146 cis,
653 1096 881 1149 problema
909 1099 1070 1150 prioris
1095 1098 1309 1140 inversum
1331 1102 1345 1149 (
1367 1113 1452 1153 quo
1481 1099 1532 1140 sc.
1566 1111 1621 1139 ex
1650 1097 1793 1138 media

527 1159 745 1200 anomalia
764 1173 866 1200 vera
896 1163 1162 1214 exquiritur)
1184 1163 1352 1204 solvere
1372 1164 1504 1218 vulgo
1525 1162 1662 1203 solent
1681 1177 1693 1212 ·,
1731 1162 1792 1201 At

525 1234 637 1261 vero
656 1221 816 1261 solutio
837 1224 922 1265 suas
942 1224 1069 1265 habet
1090 1226 1395 1277 difficultates3
1459 1227 1593 1269 Certe
1614 1226 1664 1264 ad
1682 1223 1793 1264 solu-

527 1285 661 1327 tionis
697 1283 882 1324 articulo
926 1294 999 1331 17.
1036 1284 1255 1322 exhibitae
1293 1288 1546 1322 facilitatem
1582 1298 1796 1335 nunquam

529 1349 802 1401 perducetur.
871 1343 1047 1382 Deinde
1067 1343 1181 1381 nulla
1200 1346 1316 1381 ratio
1340 1345 1422 1390 cst,
1453 1357 1527 1381 cur
1547 1346 1694 1394 potius
1712 1343 1798 1382 hoc

530 1421 656 1463 quam
687 1408 837 1460 priore
869 1403 1145 1456 problemate
1171 1404 1340 1443 tabulae
1370 1405 1630 1444 condantur.
1700 1405 1795 1444 Ma-

529 1474 576 1513 lo
606 1483 713 1522 ergo
738 1471 792 1510 ob
822 1467 1076 1509 facilitatem
1104 1464 1214 1507 suam
1235 1468 1351 1521 prius
1369 1467 1598 1521 problema
1618 1467 1661 1506 in
1679 1467 1795 1508 usum

532 1535 751 1577 adhibere.

552 1592 555 1593 ⁷
666 1613 738 1648 19.
807 1596 1005 1637 Tertium
1049 1593 1227 1635 tandem
1272 1605 1401 1654 cflput
1442 1593 1796 1635 conscribendum

535 1662 638 1702 effer
668 1673 851 1714 quoque.
932 1655 982 1700 Id
1010 1671 1115 1699 vero
1143 1667 1188 1697 ut
1219 1659 1425 1698 omittam
1461 1671 1610 1710 graves
1635 1665 1798 1710 cogunt

536 1725 709 1765 causae:
749 1726 829 1764 erit
852 1734 998 1764 tamen
1018 1722 1085 1762 ubi
1104 1721 1146 1761 id
1165 1720 1250 1761 alio
1271 1721 1373 1762 loco
1393 1722 1562 1762 uberius
1579 1719 1797 1761 excolam.

536 1791 637 1841 Ago
660 1789 701 1827 in
721 1800 776 1827 eo
804 1788 854 1828 de
876 1784 1046 1839 epocha
1066 1795 1266 1824 motuum
1292 1785 1563 1835 mediorum,
1592 1796 1715 1837 quam
1743 1793 1797 1822 ex

542 1852 912 1891 observationibus
934 1848 1108 1891 Hevelii
1137 1848 1325 1901 pluribus
1344 1849 1558 1889 constitui.
1620 1849 1680 1889 Ea
1701 1858 1798 1885 cum

543 1915 713 1967 epocha
741 1914 978 1953 tabularum
1005 1912 1385 1964 Rudolphinarum
1418 1913 1462 1952 in
1491 1910 1588 1963 ipfis
1611 1909 1799 1951 secundis

541 1978 775 2025 convenit,
801 1990 878 2029 qua
897 1976 1067 2028 quidem
1087 1988 1131 2014 re
1144 1975 1521 2026 Rudolphinarum
1544 1984 1687 2013 motus
1707 1983 1798 2012 me·

545 2043 601 2082 dii
618 2053 698 2093 pro
721 2041 902 2093 optimis
922 2038 1203 2079 declarantur.
1224 2037 1295 2079 De
1315 2037 1474 2090 aphelii
1490 2038 1593 2077 loco
1615 2048 1656 2078 et
1675 2044 1799 2076 motu

545 2106 679 2147 multa
701 2105 891 2158 disputo:
931 2103 1069 2145 statuo
1089 2102 1234 2143 locum
1255 2097 1339 2156 ejus
1355 2101 1401 2142 in
1421 2098 1618 2142 Zodiaco
1637 2101 1798 2141 immo·

1736 2161 1799 2201 bi·
