1976 2605
510 139 534 178 8
545 138 568 177 8
770 128 944 176 CURV
939 130 982 176 A
1032 127 1502 178 TAUTOCHRONA

506 253 636 295 fuerit
655 262 848 305 paruum,
867 251 1016 291 harum
1038 252 1242 291 serierum
1266 252 1373 290 duos
1394 249 1606 292 terminos
1626 251 1768 294 initia-

503 318 566 360 les
583 327 750 357 tantum
774 314 979 353 assumere
998 313 1173 361 sufficit,
1217 323 1260 352 et
1281 324 1371 352 tum
1394 313 1636 355 differentia
1654 318 1770 358 inter

505 400 650 428 arcum
681 383 896 425 descensus
925 394 967 424 et
995 383 1181 424 ascensus
1209 384 1289 423 erit
1313 371 1400 444 22²3
1475 386 1586 426 Cum
1615 399 1770 429 eorum

503 450 667 491 summa
686 448 733 489 sit
758 444 910 500 2V2lffi
982 448 1088 489 Sunt
1117 459 1222 499 crgo
1253 447 1525 489 differentiae
1551 463 1601 503 q,
1633 458 1685 504 p,
1727 453 1772 492 in

503 514 678 557 ratione
700 511 917 563 duplicata
937 510 1214 551 summarum.

633 571 668 618 §.
711 587 786 625 35.
870 575 986 616 Haec
1005 574 1061 615 est
1079 575 1210 628 igitur
1230 574 1524 615 tautochrona
1543 575 1586 615 in
1608 576 1775 628 medio.

503 638 619 692 quod
640 638 793 679 mobili
812 637 961 677 resistit
982 639 1023 677 in
1043 639 1216 677 ratione
1236 639 1451 691 duplicata
1471 641 1773 680 x‘elocitatum.

501 702 586 745 Pro
607 703 698 742 aliis
717 713 824 742 vero
847 701 979 741 medii
1000 700 1224 741 resistentis
1244 701 1575 753 hypothesibus,
1627 703 1776 755 quibus

502 766 737 806 resistentia
757 764 1004 805 aliicuidam
1026 763 1259 805 celeritatis
1273 765 1474 816 dignitati
1496 776 1564 804 aut
1588 766 1773 805 func'tio-

503 833 547 870 ni
572 828 923 882 proportionalis
942 828 1148 880 ponitur,
1175 827 1251 866 hac
1273 826 1490 867 methodo
1512 827 1775 867 tautochro-

502 905 584 933 nae
606 892 791 933 inueniri
810 905 900 932 non
924 891 1124 943 poffiint3
1160 903 1250 931 non
1266 891 1436 944 quidem
1461 891 1574 930 vitio
1596 889 1774 930 metho-

501 956 572 1005 di,
610 955 722 1008 quasi
743 968 790 995 ea
811 954 1059 996 vniuersalis
1087 966 1177 994 non
1209 953 1336 1004 esset,
1377 953 1446 993 sed
1477 955 1642 993 defectu
1672 966 1772 992 ana·

498 1017 637 1071 lysis3
706 1020 821 1070 quod
859 1020 902 1058 in
939 1018 1027 1058 aliis
1070 1016 1380 1070 hypothesibus
1419 1018 1632 1057 velocitas
1679 1027 1770 1056 non

500 1081 646 1135 potest
676 1082 879 1132 exprimi.
969 1080 1181 1120 Persuasus
1209 1090 1352 1119 autem
1381 1081 1467 1119 sum
1495 1079 1603 1119 hanc
1637 1080 1773 1119 solam

497 1145 764 1186 resistenti-ae
791 1141 1054 1196 hypothesin
1079 1142 1305 1182 secundum
1334 1142 1537 1194 quadrata
1574 1143 1774 1181 celerita-

500 1216 593 1246 tum
629 1208 672 1243 in
711 1218 856 1244 rerum
897 1217 1045 1244 natura
1079 1205 1226 1245 locum
1262 1205 1435 1244 habere.
1521 1206 1774 1259 Quanquam

501 1271 617 1309 enim
638 1280 691 1308 ex
714 1267 1032 1319 experimentis
1051 1268 1243 1315 constat,
1282 1267 1410 1304 fluida
1438 1265 1559 1304 aliam
1595 1277 1775 1315 praeter

498 1333 608 1374 hanc
649 1343 855 1371 exercere
882 1329 1163 1369 resistentiam
1191 1342 1211 1368 a
1241 1330 1477 1368 tenacitate
1507 1339 1659 1366 eorum
1698 1340 1773 1366 or·

499 1405 621 1442 tam,
661 1405 767 1445 quae
795 1390 1025 1430 velocitati
1056 1390 1408 1442 proportionalis
1438 1391 1518 1428 effe
1552 1390 1772 1430 nonnullis

498 1457 584 1499 visa
613 1457 700 1504 est,
759 1464 906 1494 tamen
940 1449 1147 1492 Neutonus
1174 1454 1212 1491 in
1240 1450 1418 1504 Princlp.
1445 1450 1546 1491 Phil.
1564 1451 1681 1491 Edit.
1703 1465 1771 1491 no·

495 1522 659 1575 uisfima
672 1527 767 1572 pag.
792 1530 887 1568 274
908 1517 1056 1568 potius
1076 1516 1290 1555 existimat
1311 1528 1405 1555 eam
1430 1515 1601 1567 prorsus
1633 1530 1719 1555 non
1750 1528 1772 1556 a

497 1584 737 1625 velocitate
760 1582 977 1634 pendere,
1017 1591 1169 1619 verum
1193 1592 1286 1618 eam
1309 1578 1391 1618 effe
1411 1577 1676 1618 vniformem
1701 1579 1770 1621 seu

498 1648 542 1689 in
562 1646 735 1687 ratione
758 1653 1092 1684 momentorum
1112 1652 1381 1694 temporum.
1453 1643 1541 1698 Qua
1563 1641 1610 1680 fit
1635 1653 1679 1681 vt
1702 1643 1768 1681 vi-

497 1724 565 1752 res
591 1711 713 1750 vinae
743 1708 913 1747 amiffae
940 1706 1045 1754 sint,
1084 1716 1130 1747 vt
1157 1705 1290 1757 spatia
1319 1706 1540 1759 percursa,
1584 1706 1624 1745 id
1652 1705 1769 1756 quod

497 1776 589 1816 aliis
616 1772 854 1813 rationibus
883 1783 937 1810 ex
963 1779 1113 1810 natura
1141 1767 1256 1823 hujus
1293 1769 1552 1809 resistentiae
1581 1768 1769 1808 deducus

497 1834 804 1891 praetermissis
822 1847 877 1875 ex
899 1846 952 1874 eo
974 1833 1155 1885 intelligi
1178 1832 1344 1885 potest,
1384 1832 1500 1883 quod
1527 1831 1709 1882 mobile,
1739 1830 1768 1873 fi

497 1900 759 1943 resistentiae
779 1897 1082 1938 velocitatibus
1104 1897 1236 1936 essent
1267 1895 1631 1949 proportionales
1662 1907 1771 1935 nun-¹

499 1977 624 2018 quam
653 1962 704 2002 ad
729 1963 920 2014 quietem
950 1961 1200 2013 perueniret
1223 1987 1234 2009 ,
1276 1958 1391 2011 quod
1418 1969 1562 1997 tamen
1591 1959 1767 1998 tandem

499 2027 693 2067 accidere
725 2026 1027 2078 experimenta
1056 2022 1356 2071 confirmant3
1411 2021 1435 2059 si
1464 2033 1571 2060 vcro
1599 2022 1770 2074 insuper

495 2089 734 2133 resistentia
760 2088 888 2140 adsit,
928 2088 1157 2130 secundum
1185 2098 1312 2140 quam
1339 2085 1501 2126 mobile
1528 2086 1689 2126 amittit
1716 2085 1769 2123 de

1723 2157 1769 2186 vi
