1976 2605
521 165 612 192 220
649 139 954 192 CONFIRM.
985 139 1283 187 DILATAT.
1313 140 1528 202 ATQUE
1567 142 1789 190 CONTR.

520 280 611 310 tum
638 268 723 308 hoc
747 267 1036 307 instrumento
1059 261 1139 304 feci
1163 272 1205 302 et
1229 273 1323 302 cum
1349 261 1489 315 priori
1509 265 1671 314 vitreo,
1688 278 1790 306 eun-

525 335 622 373 dem
648 333 797 371 saltum
823 330 915 368 fieri
938 339 1143 380 expertus
1167 327 1267 367 stim.

651 391 685 435 ἕ.
732 407 802 443 19.
874 391 1063 433 Adhibui
1115 391 1263 443 postea
1304 393 1481 433 tertiam
1520 391 1705 444 phialam
1739 405 1793 433 ex

522 458 688 498 brat-'tea
720 455 856 495 ferrea
885 457 1034 495 stanno
1066 456 1246 496 obducta
1273 467 1494 509 paratam,
1533 465 1576 496 et
1605 457 1726 497 saltus
1744 456 1792 497 li·

521 523 667 574 quoi-is
696 531 742 560 vt
774 530 902 559 antea
930 519 1164 559 accidebat.

656 579 690 626 §.
726 597 800 623 20.
858 584 950 623 Iam
973 595 1083 623 vero
1103 584 1295 624 rationes
1313 586 1408 626 satis
1429 583 1673 639 probabiles
1695 584 1793 624 dan·

523 658 618 698 tur,
660 650 805 701 quibus
828 649 967 688 euinci
990 647 1110 701 poss'e
1141 649 1311 689 videtur
1339 652 1464 691 aliam
1492 649 1648 689 subesse
1677 647 1797 701 posse

525 713 707 752 caussam
755 711 878 751 saltus
915 712 1097 765 liquoris
1131 725 1256 766 quam
1291 714 1644 756 contractionem
1675 722 1800 766 atque

530 776 840 817 dilatationem
870 777 1096 816 materiae.

657 835 691 882 §.
736 853 809 880 21.
881 839 924 881 Si
948 842 1065 880 enirn
1089 840 1303 881 eiusmodi
1326 841 1525 883 dilatatio
1548 850 1591 883 et
1622 849 1800 880 contra-

528 905 616 945 {tio
654 906 697 942 in
736 903 800 942 his
838 904 1067 955 praedietis
1108 905 1397 945 instrumentis
1426 907 1572 946 locum
1603 905 1800 952 haberet,

527 966 747 1007 accideret
771 965 875 1005 haec
898 967 940 1005 in
964 966 1171 1007 craffitiae
1194 971 1436 1007 eorundem
1460 970 1691 1016 materiae,
1733 967 1806 1005 illa

529 1031 844 1070 extenderetur
885 1040 928 1068 et
967 1029 1304 1070 contraheretur
1344 1031 1386 1070 in
1422 1031 1628 1083 longum,
1669 1030 1806 1070 latum

530 1102 575 1133 et
608 1091 886 1144 profundum.
955 1093 1012 1133 Et
1042 1092 1095 1131 fic
1118 1091 1317 1131 extensio
1341 1093 1549 1131 ambitum
1573 1103 1805 1131 externum

531 1155 797 1206 ampliorem
821 1155 1042 1193 internum
1067 1153 1248 1206 spatium
1272 1154 1424 1194 arctius
1446 1166 1493 1194 vt
1520 1153 1669 1200 fieret,
1713 1151 1803 1193 effi·

535 1230 667 1258 teret.
740 1219 1001 1259 Contractio
1032 1230 1140 1256 vero
1167 1219 1434 1256 contrarium
1460 1218 1582 1255 daret
1606 1214 1807 1254 effeetum

668 1276 703 1323 §.
748 1294 821 1320 22.
890 1280 1182 1331 Concipiatur
1218 1280 1334 1318 linea
1381 1279 1518 1331 aliqua
1563 1279 1606 1317 in
1657 1277 1807 1316 medio

534 1344 734 1385 craffitiei
758 1346 991 1392 materiae,
1030 1354 1078 1382 vt
1099 1343 1147 1382 ab
1165 1341 1236 1382 ista
1256 1342 1299 1381 in
1319 1341 1576 1381 dilatatione
1596 1341 1809 1381 extende-

537 1420 656 1450 retur
678 1406 878 1446 craffities
903 1406 1110 1445 materiae
1134 1404 1236 1443 vasis
1259 1404 1310 1442 ad
1332 1415 1564 1443 externum
1586 1404 1811 1454 ambitum,

538 1471 674 1512 altera
703 1470 878 1509 dimidia
910 1480 1004 1520 pars
1032 1466 1230 1507 craffitiei
1262 1467 1312 1504 ad
1336 1467 1552 1506 internam
1574 1470 1809 1507 cauitatem

537 1532 882 1580 intumesceret,
932 1543 1033 1571 tnnc
1062 1544 1108 1571 ea
1138 1529 1473 1583 amplitudinem
1505 1543 1652 1570 cauam
1684 1543 1808 1569 coar·

538 1599 689 1639 «staret.
762 1595 1046 1638 Contrarium
1076 1607 1186 1634 vero
1219 1594 1414 1633 eueniret
1438 1595 1480 1633 in
1503 1594 1810 1635 eontraffione

539 1661 671 1708 vitri,
714 1669 812 1699 tunc
847 1659 962 1698 enim
989 1659 1157 1697 interna
1179 1660 1335 1697 canitae
1358 1657 1643 1710 ampliaretur
1666 1667 1709 1697 et
1732 1669 1809 1697 ex-

541 1733 689 1765 ternus
712 1723 893 1763 ambitus
909 1724 1049 1762 coiret
1072 1732 1114 1762 et
1147 1722 1424 1761 minueretur.

673 1783 708 1830 ἒ.
753 1801 825 1838 23.
897 1786 938 1827 Si
960 1788 1120 1826 lineam
1141 1786 1259 1826 istam
1284 1783 1549 1826 extensionis
1572 1785 1810 1838 concipere

548 1851 755 1891 vellemus
791 1852 835 1890 in
872 1850 1094 1903 superficie
1130 1850 1311 1889 ambitus
1347 1850 1532 1897 interni,
1571 1849 1655 1889 scil.
1694 1848 1811 1902 quod

545 1914 796 1966 sphaerulae
827 1914 1035 1967 expansio
1064 1914 1113 1953 ab
1145 1914 1255 1953 intra
1284 1913 1336 1952 ad
1361 1923 1483 1952 extra
1513 1913 1661 1961 fieret,
1710 1924 1813 1952 tunc

544 1979 718 2031 sequens
745 1980 1101 2030 experimentum
1127 1988 1378 2017 contrarum
1404 1977 1590 2028 probare
1608 1977 1793 2016 videtur.

679 2037 713 2083 §.
765 2056 836 2099 24.
916 2043 1133 2084 Nimirum
1178 2043 1222 2080 in
1261 2038 1350 2079 aliis
1388 2040 1645 2093 corporibus
1682 2040 1812 2088 cauis,

546 2105 765 2146 eiusmodi
786 2106 1096 2148 alterationem
1115 2103 1391 2160 patientibus,
1414 2106 1681 2146 contrarium
1703 2116 1812 2143 con-
