1976 2605
385 190 472 243 DE
506 187 781 238 mmm
816 183 1240 236 SUBMAMNrs.
1367 201 1460 243 279

288 389 652 456 PLANTI
670 389 706 447 S
783 308 956 446 I5315]ss
975 382 1362 444 MARINIS

580 493 1097 544 OBSERVATIONES.

769 583 876 628 Aut.

546 662 595 721 Ι.
669 659 732 720 C.
802 655 1113 718 Buxhaum.

322 785 483 826 Lantac
523 783 793 824 submarinae
835 793 997 836 paucae
1033 779 1206 821 fuerunt
1241 778 1462 832 antiquio-

355 850 469 890 ribus
517 858 653 890 notac
702 847 930 889 Botanicis
954 874 966 898 ‚
1007 857 1186 898 quarum
1235 855 1467 884 numerum

356 912 484 954 valde
526 923 740 955 auxerunt
779 913 944 963 Raius,
982 908 1253 951 Plukenetius
1291 907 1467 961 aliique,

353 978 425 1030 qui
465 975 529 1017 his
577 977 906 1017 obseruationes
950 974 1038 1014 suas
1068 973 1468 1011 communicarunt.

183 1037 396 1079 Distinxit
427 1039 599 1090 quidem
629 1038 670 1076 in
702 1036 869 1088 aliquot
897 1035 972 1075 lias
1018 1033 1162 1074 claffes
1200 1034 1340 1072 modo
1379 1033 1469 1072 lau-

187 1100 310 1142 datus
336 1101 466 1142 Raius
487 1127 498 1148 ,
538 1100 606 1139 sed
638 1098 666 1136 fi
698 1097 935 1136 accuratius
958 1096 1154 1148 inspicias
1177 1095 1311 1146 ipsum
1344 1095 1468 1134 inve·

184 1163 277 1202 nies
303 1161 526 1200 confusum
551 1187 563 1209 ,
604 1159 746 1200 nullos
775 1171 908 1200 veros
940 1159 1158 1199 terminos
1197 1157 1467 1198 constituen-

186 1233 280 1264 tem
314 1225 431 1264 inter
462 1225 599 1265 fucos
627 1234 669 1264 ct
698 1222 832 1277 Algas
866 1234 910 1264 et
933 1222 1105 1264 Muscos
1126 1222 1469 1275 marinos‚quae

189 1285 253 1326 illi
282 1286 533 1338 promiscue
562 1299 673 1327 nunc
702 1288 771 1328 sub
799 1287 888 1328 hoc
918 1299 1027 1326 nunc
1064 1285 1133 1327 sub
1171 1285 1251 1326 illo
1283 1287 1468 1327 nomine

186 1359 515 1403 proponuntur.

308 1413 548 1454 Meliorem
590 1413 839 1466 plantarum
877 1414 1216 1455 submarinarum
1255 1412 1297 1452 in
1327 1426 1462 1467 gene·

192 1489 239 1517 ra
268 1486 383 1517 certa
402 1476 659 1516 diuisionem
685 1477 890 1516 debemus
912 1475 1239 1515 Tournefortio
1256 1501 1268 1524 ‚
1308 1479 1377 1529 qui
1397 1489 1461 1516 ta—

193 1550 296 1580 men
325 1541 366 1580 in
394 1553 448 1581 eo
475 1538 883 1593 reprehendendus,
911 1540 1029 1593 quod
1059 1539 1125 1579 sub
1163 1538 1376 1579 fucorum
1419 1551 1462 1580 et

193 1602 511 1645 Corallinarum
543 1605 726 1644 nomine
759 1605 927 1657 plantas
955 1604 1071 1645 inter
1099 1604 1139 1643 se
1170 1615 1323 1656 parum
1351 1616 1459 1644 con-

192 1667 414 1709 uenientes
434 1666 802 1721 comprehendat.

308 1732 406 1787 Quo
434 1743 576 1772 autem
611 1733 787 1784 plantae
833 1731 1028 1771 marinae
1067 1730 1304 1769 accuratius
1343 1730 1459 1772 inter

191 1791 232 1833 se
261 1792 561 1848 distinguantur
587 1806 629 1835 et
661 1794 857 1835 confusio
887 1796 1075 1835 cuitctur
1100 1821 1110 1840 ,
1135 1793 1268 1832 adhuc
1291 1794 1460 1847 aliquot

195 1855 386 1908 ipsorum
414 1852 597 1912 genera,
637 1869 813 1912 practer
845 1871 894 1899 ea
933 1872 954 1899 a
983 1856 1306 1898 Touruefurtio
1331 1853 1453 1909 facta,

193 1920 510 1963 introducenda
538 1922 629 1963 sunt
653 1950 664 1972 ‚
706 1934 750 1963 et
781 1933 829 1963 vt
861 1935 1035 1963 errores
1066 1922 1269 1963 hac'leuus
1304 1922 1345 1960 in
1378 1921 1456 1964 hac

192 1995 240 2022 re
288 1984 495 2027 commissi
552 1987 863 2042 corrigantur,
890 1985 1082 2041 sequenti
1120 1986 1456 2040 procedendum

190 2047 346 2089 modo.

311 2111 395 2152 Sub
427 2112 543 2154 Fucis
568 2114 865 2168 relinquantur
896 2114 1058 2166 species
1087 2125 1107 2153 a
1132 2111 1455 2154 Tournefortio

172 2174 570 2232 ,reccnfit11e,quae
591 2192 686 2222 curn
707 2180 825 2221 Fuco
862 2179 1029 2232 vulgari
1050 2179 1342 2227 conuenIunt‚
1383 2177 1454 2217 ab·

189 2233 301 2278 Tom.
338 2237 424 2280 IV.
781 2238 830 2285 N
861 2255 887 2284 n
1341 2241 1450 2281 scin·

1542 778 1620 807 Tab.

1506 819 1651 850 xxvln,
