1976 2605
351 191 758 245 TANGVTANA
795 192 1198 247 MVNGALICA.
1332 220 1426 260 245

148 331 270 366 terae
296 316 889 370 Marathicae‚Guzai·aticae
920 329 964 362 et
1001 319 1214 364 Siamicae
1243 323 1434 378 propio·

150 400 218 430 res
244 387 336 428 sunt
363 384 632 437 Tangutanis
664 384 732 424 seu
752 384 977 426 Tibcticis.
1047 383 1119 426 De
1143 388 1342 428 omnium
1382 387 1434 428 il—

150 452 287 493 larum
317 450 564 490 litterarum
601 450 874 501 cognatione
907 460 1036 504 atque
1062 451 1267 502 origine,
1307 464 1434 505 prae—

150 516 229 557 stat
256 514 412 564 silere,
452 525 577 568 quam
613 525 750 567 pauca
788 514 949 554 dicere.
1017 512 1114 555 Erit
1136 513 1238 554 alias
1258 524 1435 570 tempus

151 590 196 620 et
226 579 348 619 locus
371 605 383 629 ,
424 578 495 620 vbi
529 589 618 618 non
655 576 743 618 fine
777 587 903 631 grata
937 577 1218 627 amicorum,
1259 580 1330 632 qui
1363 593 1433 620 me

149 644 424 685 subleuarunt
451 670 463 694 ,
503 641 820 684 recordatione
850 669 863 694 ,
903 654 1010 696 quae
1039 641 1246 691 sentiam,
1291 641 1435 696 expli-

151 720 251 749 care
279 708 453 749 liberius
485 706 655 761 poffim.
723 707 841 748 Haec
871 705 1106 761 praefanda
1137 705 1276 758 duxi,
1316 706 1438 760 quod

152 785 207 812 ex
238 772 525 825 ignoratione
554 771 726 813 illarum
752 783 900 812 rerum
930 771 1068 812 multa
1098 769 1272 811 confuse
1297 781 1341 812 et
1368 771 1434 810 in-

150 836 388 879 commede
430 837 630 878 dicuntur
650 864 663 888 ‚
702 848 782 890 per
806 848 915 891 quae
949 848 1029 877 nos
1045 847 1220 890 quoque
1242 836 1286 876 in
1308 845 1435 875 erro·

148 913 219 942 res
245 902 393 943 varios
421 901 634 954 superiori
663 912 796 942 tomo
826 900 1025 944 sedue'tos
1045 899 1163 942 fuisse
1182 926 1196 952 ,
1234 900 1436 942 beneuo-

149 963 212 1006 lus
244 965 384 1008 lec‘tor
440 964 564 1009 facile
619 966 797 1008 sentiet.

265 1153 337 1193 De
364 1153 630 1206 Tangutanis
663 1162 798 1207 pauca
821 1150 891 1192 hic
912 1152 1301 1195 commemorabo.
1316 1148 1431 1195 Tanae

142 1222 222 1270 gut
257 1217 412 1271 populi
444 1229 613 1259 nomen
645 1217 729 1258 esse
770 1217 976 1277 comperi
1005 1233 1013 1258 :
1054 1213 1178 1257 Tibet
1216 1218 1432 1270 regionis,

149 1283 194 1321 in
224 1285 317 1333 qua'
333 1280 466 1333 degit.
531 1280 584 1321 In
612 1282 777 1336 syllabis
803 1282 913 1322 hanc
935 1281 1159 1322 rationem
1180 1280 1429 1336 sequuntur,

152 1354 200 1384 vt
238 1342 393 1396 aliquas
430 1343 597 1386 litteras
632 1345 793 1387 elidant
836 1355 1059 1398 tamquam
1107 1355 1248 1386 mutas
1277 1373 1289 1397 ,
1333 1346 1437 1388 alias

156 1419 449 1460 transponant
470 1435 482 1457 ‚
523 1420 570 1448 vt
603 1422 622 1449 a
651 1409 867 1450 Bordone
897 1411 1050 1460 legato
1084 1408 1342 1450 Calmuccio
1365 1411 1431 1451 in-

158 1470 338 1513 tellexi:
374 1482 506 1512 voces
527 1483 638 1511 vero
659 1483 815 1511 omnes
837 1471 1162 1523 monosyllabas
1184 1473 1267 1513 effe
1292 1485 1433 1525 opor-

157 1546 249 1585 tet,
289 1546 336 1577 vt
363 1532 405 1576 iu
431 1535 643 1576 sermonis
682 1536 817 1588 genio
845 1535 1091 1588 Taugutani
1117 1547 1245 1589 quam
1276 1538 1434 1590 proxi-

156 1611 230 1640 me
257 1599 460 1641 accedant
492 1600 541 1640 ad
574 1598 783 1641 Sinenses.
854 1590 976 1657 Quae
1006 1610 1152 1642 autem
1173 1602 1290 1643 ratio
1313 1601 1435 1642 inhis

160 1663 432 1714 obstruetur,
469 1664 663 1704 nondum
687 1663 815 1719 potui
836 1663 1058 1718 indagare.
1096 1664 1204 1706 Dixi
1234 1665 1431 1718 superio-

158 1727 193 1766 ri
217 1737 369 1778 tomo,
408 1727 572 1769 litteras
592 1729 957 1783 Tangutanorum
980 1730 1177 1769 minores
1195 1727 1433 1779 seuSchar,

158 1791 353 1832 nondum
380 1782 461 1832 esse
489 1792 742 1847 explicatas.
811 1792 971 1835 Nafms
1011 1792 1170 1834 deinde
1211 1791 1429 1847 syllabari-

157 1867 230 1895 um
257 1855 553 1908 Tangutanum
584 1858 806 1912 integrum
827 1883 840 1907 ‚
882 1856 1134 1899 intermistis
1161 1856 1226 1898 his
1249 1857 1431 1908 litteris,

157 1920 460 1973 comparando
487 1921 559 1963 has
588 1935 684 1963 cum
716 1922 952 1964 maioribus
973 1949 984 1971 ‚
1025 1934 1133 1975 quae
1164 1921 1324 1972 essent,
1369 1921 1429 1962 sa-

156 1984 239 2046 cile
267 1984 425 2025 inueni.
489 1987 629 2045 Quare
658 1987 764 2027 mihi
793 1988 912 2029 reste
943 1986 1122 2028 videbar
1160 1985 1365 2036 facturus,
1397 1985 1429 2027 fi

158 2058 226 2087 eas
264 2047 350 2090 hoc
382 2049 485 2092 loco
519 2064 805 2104 reponerem.
873 2051 944 2093 De
973 2050 1232 2105 Mungalicis
1264 2050 1429 2092 litteris

155 2112 364 2164 quaedam
393 2116 667 2158 commodius
703 2115 919 2172 proximo
947 2115 992 2156 in
1015 2125 1147 2157 tomo
1177 2116 1430 2160 Commen-

155 2175 372 2217 tariorum
402 2177 555 2220 dicam.

744 2243 774 2286 P
796 2235 824 2300 ἑ)
849 2258 877 2297 3
1314 2241 1427 2285 NV-

1522 1182 1604 1214 Tab,

1485 1225 1634 1256 xxxix,
