1976 2605
547 167 640 200 200
802 155 833 200 f.
841 152 1037 202 XPERI
1039 151 1188 201 MEN
1192 152 1272 204 TA
1307 154 1535 205 CORAM

538 274 626 315 lum
656 275 847 316 tubulum
877 276 920 313 in
948 273 984 323 l,
1023 275 1093 328 qui
1118 277 1338 328 reciperet
1361 278 1690 320 extremitatem
1714 280 1804 323 tubi

537 341 667 377 vitiei
692 338 900 376 intui-uati
919 335 1015 378 lmn:
1039 338 1225 423 qlltitudo
1250 340 1326 380 CA
1350 351 1442 380 etat
1466 355 1489 390 3
1515 343 1798 393 poll.1olin.

535 401 592 442 El
620 415 649 449 4
674 399 748 439 lin.
777 399 832 440 lH
857 413 879 438 2
905 400 1009 452 poll
1038 403 1096 458 9ss
1122 403 1194 441 lin
1218 402 1461 455 amplitudo
1485 405 1570 444 tubi
1597 409 1738 447 conici
1760 409 1804 448 in

535 462 662 501 lerat
686 464 737 502 ad
764 463 1097 515 amplitudinem
1130 465 1284 505 orificii
1303 465 1383 508 GH
1400 477 1447 505 vt
1473 480 1529 506 10
1550 468 1599 505 ad
1623 475 1702 511 16:
1742 471 1799 510 al-

538 526 683 565 titudo
714 527 758 566 ln
785 539 829 565 ei
836 537 876 566 1t
903 539 921 578 5
953 527 1058 580 poll.
1082 533 1127 567 6.
1148 529 1220 568 lin
1245 530 1413 583 eiusque
1435 530 1647 570 orificium
1666 544 1689 571 n
1708 542 1801 574 erat

536 602 668 642 aquie
691 592 730 630 in
753 604 777 629 v
784 591 921 630 ii'culo
946 591 991 631 M
1010 590 1282 633 submersum.
1388 599 1400 625 1

664 654 887 707 Appossto
916 655 1056 706 digito
1097 656 1269 696 orificio
1296 656 1377 698 GH
1405 658 1675 712 impletoque
1707 620 1801 700 vase

537 715 628 756 still
624 718 749 757 ibunt
770 730 899 771 aquae
927 731 1000 770 per
1019 718 1164 759 tubum
1185 723 1369 761 vitreum
1388 719 1486 761 lmn
1477 735 1519 761 in
1540 735 1610 761 vas
1628 722 1693 764 M:
1734 735 1802 762 re·

536 790 666 820 moto
688 793 830 821 autem
854 781 994 834 digito
1016 793 1058 822 et
1079 782 1345 824 effluentibus
1368 785 1450 824 iam
1472 787 1586 838 aquis
1607 798 1684 838 per
1703 785 1800 835 GH,

537 855 662 883 motu
690 846 920 897 reciproco
948 858 1049 898 aqua
1077 847 1231 898 sponte
1256 859 1311 888 ex
1338 848 1510 888 vasculo
1542 849 1589 889 M
1615 849 1803 889 ascendit

537 919 617 958 per
645 909 791 947 tubum
819 908 897 948 nml
919 919 961 948 et
988 921 1070 948 vna
1088 922 1183 949 cum
1211 910 1380 963 reliquis
1400 913 1513 963 aquis
1536 911 1701 952 effluxit
1722 924 1802 964 per

534 969 635 1017 GH,
667 973 804 1011 donec
829 982 973 1012 totum
994 973 1206 1013 vasculum
1227 975 1273 1013 M
1295 985 1546 1013 euacuatum
1569 976 1684 1014 esset.
1724 974 1802 1015 Af·

537 1032 820 1071 fundebantur
858 1045 1002 1073 autem
1034 1037 1220 1086 superius
1249 1037 1457 1075 continue
1493 1049 1624 1088 aquae
1653 1048 1700 1077 vt
1728 1048 1803 1076 vas

537 1093 715 1147 plenum
736 1095 989 1134 seruaretur.
1061 1096 1103 1135 Si
1125 1096 1264 1146 digito
1286 1109 1383 1147 pars
1403 1097 1558 1134 orificii
1576 1098 1656 1139 GH
1676 1100 1802 1138 obte-

535 1157 739 1208 gebatur,
789 1156 910 1196 facile
938 1167 1030 1197 erat
1058 1156 1229 1197 efficere
1255 1169 1301 1197 vt
1330 1169 1412 1209 pro
1439 1156 1573 1197 lubitu
1600 1171 1730 1212 aquae
1756 1161 1801 1200 in

536 1220 643 1259 tubo
688 1220 835 1259 vitreo
873 1218 961 1258 lmn
999 1219 1154 1258 sursum
1198 1221 1456 1259 deorsumve
1502 1232 1801 1262 mouerentur.

537 1282 744 1325 Notabile
773 1281 906 1322 visum
933 1280 1012 1321 fuit
1038 1281 1142 1321 istud
1168 1282 1541 1332 experimentum,
1584 1282 1701 1333 quod
1726 1295 1801 1324 va·

538 1346 695 1387 sculum
724 1345 770 1386 M
799 1344 940 1385 multo
967 1343 1165 1385 humilius
1190 1356 1316 1398 quam
1340 1343 1555 1384 orificium
1576 1343 1658 1389 GH
1683 1346 1799 1399 pofi-

539 1419 634 1450 tum
684 1416 789 1448 erat.

664 1471 771 1511 Inde
807 1478 988 1522 apparet
1014 1469 1128 1510 ratio
1152 1496 1162 1519 ,
1211 1481 1285 1509 cur
1316 1468 1452 1510 fumus
1476 1483 1554 1523 per
1581 1472 1799 1514 caminum

537 1534 765 1576 ascendens
796 1533 1024 1572 nonsolum
1052 1545 1141 1571 non
1168 1542 1294 1572 exeat
1318 1545 1395 1585 per
1415 1545 1660 1585 aperturas,
1700 1548 1800 1588 quas

538 1598 679 1638 facere
697 1596 835 1636 solent
860 1597 902 1635 in
922 1596 1124 1636 lateribus
1141 1596 1316 1644 camini,
1331 1596 1399 1635 sed
1417 1606 1459 1636 et
1473 1599 1613 1636 aerem
1638 1610 1798 1650 magno

539 1672 636 1701 cum
666 1660 831 1712 impetu
858 1660 952 1712 post
979 1659 1017 1699 se
1045 1658 1220 1699 trahat:
1287 1658 1541 1699 Notandum
1569 1668 1712 1699 autem
1741 1660 1800 1701 est

539 1724 675 1764 latera
692 1723 781 1763 tubi
798 1722 964 1766 DGHE
980 1722 1219 1775 comprimi
1238 1722 1450 1761 interiora
1467 1721 1622 1771 versus,
1642 1724 1798 1763 etiam·

543 1788 574 1828 si
591 1788 847 1839 cylindricus
868 1786 996 1827 fuerit
1016 1785 1087 1825 iste
1108 1786 1228 1825 tubus
1248 1794 1289 1824 et
1313 1786 1527 1825 caminum
1550 1786 1694 1825 tubum
1717 1785 1799 1827 effe

538 1852 758 1892 inuersum
785 1849 1030 1904 fumumque
1057 1849 1175 1891 idem
1203 1849 1319 1902 quod
1344 1847 1519 1889 fluidum
1551 1848 1618 1890 sua
1648 1858 1799 1891 natura

541 1915 675 1955 altum
716 1924 885 1967 petens.

666 1979 841 2018 Praeter
869 1990 940 2026 ea,
981 1988 1088 2030 quae
1114 1976 1165 2017 ad
1183 1975 1293 2016 hanc
1311 1975 1543 2017 fluidorum
1565 1985 1795 2017 motorum

540 2039 732 2081 staticam
768 2042 993 2094 pertinent
1013 2066 1025 2090 ‚
1065 2039 1142 2080 alia
1165 2039 1255 2079 sunt
1283 2052 1387 2092 quae
1418 2039 1543 2081 aliam
1573 2040 1795 2080 theoriam

541 2103 777 2160 postulant:
816 2103 984 2158 Vbique
1003 2114 1147 2146 autem
1165 2111 1311 2144 motus
1329 2116 1528 2158 aquarum
1548 2104 1664 2158 prius
1681 2104 1797 2145 τεᾶο

1738 2164 1796 2208 est
