1976 2605
710 630 806 675 DE

274 731 584 802 LUCE
696 721 1231 791 BOREALI

607 862 906 912 AUTORE

499 954 1010 1032 F.(3.Ahwmw

131 1175 462 1446 Anno
489 1241 617 1291 1726
647 1238 796 1279 mense
829 1238 1014 1280 octobri
1050 1236 1188 1277 obtuli
1230 1233 1398 1276 Acade·
1423 1259 1525 1291 Mense
1554 1260 1623 1294 ῦὸ,

405 1305 516 1340 miae
539 1302 866 1340 obseruationes
889 1312 1003 1339 meas
1027 1303 1077 1342 de
1099 1302 1194 1341 luce
1214 1298 1398 1348 boreali,
1477 1305 1564 1339 1728·

410 1375 491 1403 vna
521 1376 618 1404 cum
649 1363 950 1415 explicatione
983 1363 1402 1415 phaenomenorum
1443 1363 1521 1394 Tab.
1544 1362 1599 1393 Χῖα

406 1426 525 1466 huius
545 1426 662 1465 lucis.
716 1425 784 1466 Ab
805 1437 861 1465 eo
885 1437 1095 1478 tempore
1119 1437 1208 1466 non
1232 1436 1404 1467 tantum

128 1504 241 1534 noua
264 1490 485 1530 obseruaui
512 1488 846 1543 phaenomena,
887 1489 953 1530 sed
977 1501 1019 1530 et
1044 1503 1178 1533 nouas
1200 1489 1403 1531 theoriae

125 1567 249 1598 meae
271 1555 352 1595 feci
376 1552 643 1594 accessiones,
713 1554 791 1595 Par
812 1553 870 1594 est
891 1564 938 1594 vt
961 1552 1065 1595 haec
1086 1567 1258 1611 quoque
1288 1557 1402 1596 Aca-

126 1620 295 1662 demi-ie
319 1618 452 1660 ssstam
475 1619 645 1673 eiusque
669 1618 831 1660 iudicio
852 1631 1092 1673 exponam.

258 1697 299 1724 2.
368 1684 584 1736 Apparuit
608 1695 770 1737 nuper,
810 1683 863 1724 sc.
886 1683 983 1737 post
1013 1685 1200 1724 mediam
1225 1683 1403 1725 nostem

127 1759 235 1801 qnae
257 1748 373 1788 diem
400 1752 458 1788 16
482 1747 603 1802 Sept.
635 1747 756 1789 huius
789 1748 888 1788 anni
919 1747 1162 1799 anteceffit,
1200 1747 1274 1789 lux
1307 1748 1400 1799 pul·

129 1812 374 1852 cherrima:
446 1810 550 1853 haec
589 1813 714 1854 vnica
753 1811 1098 1866 comprehendit
1139 1816 1289 1853 omnia
1329 1813 1404 1853 ista

131 1875 435 1931 phaenomena
455 1888 566 1918 noua
585 1890 690 1931 quae
709 1876 884 1919 seorsim
906 1889 1007 1918 ante
1027 1878 1249 1917 annotaui.
1281 1878 1402 1920 Hanc

129 1940 265 1994 igitur
282 1941 375 1993 quia
396 1940 523 1982 instar
545 1941 602 1982 est
626 1943 824 1982 omnium
847 1940 981 1982 solam
1008 1941 1253 1982 recensebo,

262 2018 303 2056 3.
377 2007 464 2047 A'e‘r
496 2015 587 2047 tum
622 2004 697 2046 fuit
730 2004 1094 2046 defoecmffimus
1123 2018 1250 2060 atque
1281 2016 1399 2048 tran-

131 2067 285 2122 quillus
320 2069 429 2109 adeo
469 2081 514 2111 vt
551 2071 702 2114 Neuae
742 2069 859 2111 fluuii
898 2069 1146 2124 superficies
1185 2070 1400 2112 stellarum

133 2132 343 2181 imagines
374 2134 627 2191 incorrupta
664 2135 755 2178 fere
784 2134 927 2177 forma
962 2134 1241 2190 reflecteret,
1281 2134 1400 2189 quod

198 2192 310 2240 Tum.
334 2194 420 2239 IV.
755 2200 804 2258 Q
1299 2209 1400 2241 ante
