1976 2605
592 212 1061 262 MUSCULORUM.
1361 235 1451 281 ῳ

167 342 392 385 secundam
425 338 714 393 superscandit
747 341 829 379 inc
854 347 982 392 atque
1014 337 1057 378 in
1089 337 1355 392 principium
1388 339 1455 379 in-

166 407 364 448 ternodii
413 405 586 445 secundi
625 406 740 446 reeta
780 403 994 443 inseritur.
1066 402 1275 457 Reliquae
1307 414 1456 445 autem

165 472 276 513 duae
302 470 330 511 d
367 471 417 510 ad
446 469 690 510 internodii
720 466 859 508 latera
913 468 1117 519 vtrinque
1167 467 1458 510 deflectentes

168 548 264 576 cum
296 533 542 576 tendinibus
571 528 891 573 lumbricalium
923 541 1052 583 atque
1103 530 1453 575 interoffcorum

168 599 354 653 longine
381 607 678 645 concurrunt,
721 607 849 648 atque
893 595 1010 636 intra
1039 592 1134 634 suos
1183 593 1347 635 limites
1388 598 1451 636 in-

167 666 402 706 terstitium
441 661 706 716 triangulare
742 656 781 714 f
814 658 1074 700 Membrana
1107 659 1331 700 obtectum
1361 659 1453 701 for-

167 740 319 770 mant:
360 727 584 780 postquam
616 725 775 766 deinde
805 724 1163 764 articul-„itionem
1203 735 1236 778 g
1286 724 1453 765 ambie-

163 803 266 834 runt
290 818 301 840 ,
341 791 484 832 versus
510 791 685 844 gibbum
718 786 959 844 phalangae
990 788 1161 828 mediae
1197 788 1345 828 denuo
1381 801 1454 830 re-

163 855 392 898 flectentes
428 853 455 895 h
478 883 488 906 ‚
530 869 577 896 ac
600 855 682 896 sese
706 852 975 894 decuffantes
1003 852 1050 903 i,
1075 853 1337 894 internodio
1361 866 1451 895 ter-

164 922 232 963 tio
261 920 435 975 oblique
467 919 712 961 inseruntur
736 918 795 972 k·,
831 930 918 972 quo
960 916 1008 958 fit
1036 945 1046 967 ‚
1087 928 1134 958 ut
1166 930 1258 958 non
1310 917 1453 960 solum

162 986 377 1026 venustati
403 984 652 1025 consulatur
675 1011 685 1033 ,
727 981 797 1024 sed
828 983 963 1023 etiam
987 981 1202 1035 phalanga
1227 983 1361 1021 tertia
1395 993 1453 1025 ex

162 1060 356 1102 Vtroque
384 1048 522 1089 latere
552 1047 749 1088 similiter
788 1047 924 1088 trae'ta
947 1072 959 1096 ‚
1001 1047 1121 1085 iuxta
1153 1046 1450 1087 directionem

163 1126 220 1154 ex
250 1124 376 1153 motu
406 1111 664 1164 composito
694 1109 976 1150 resultantem
1006 1110 1287 1149 extendatur.
1334 1109 1454 1150 Haec

161 1187 306 1218 autem
380 1175 639 1216 Membrana
709 1173 954 1214 interstitio
1025 1172 1105 1214 illo
1193 1172 1453 1227 triangulari

161 1238 485 1291 comprehensa
517 1252 670 1280 revera
699 1238 840 1278 tendo
869 1237 978 1278 latus
1001 1236 1088 1277 five
1123 1235 1410 1290 aponevrosis
1435 1235 1455 1277 l

163 1300 459 1342 musculorum
499 1302 844 1343 inteross‘eorum
883 1301 974 1349 est,
1016 1301 1059 1340 id
1091 1301 1208 1353 quod
1237 1311 1330 1341 tam
1372 1314 1450 1342 or·

163 1373 232 1407 tus
255 1391 267 1415 ,
307 1377 432 1418 quam
466 1364 712 1418 progressu<
739 1363 942 1404 fibrarum
966 1364 1276 1405 tendinearum
1303 1365 1447 1407 osten·

165 1429 260 1478 dit,
297 1429 459 1482 quippe
489 1441 594 1480 quae
634 1431 676 1467 in
707 1429 905 1467 termino
944 1427 1149 1468 fibrarum
1187 1441 1448 1472 carne-arum

162 1493 441 1546 exsurgentes
478 1502 698 1545 tamquam
730 1490 838 1531 radii
877 1502 932 1530 ex
967 1501 1130 1532 centro
1176 1503 1446 1547 quaquaver-

163 1570 255 1599 sum
277 1557 315 1596 se
345 1554 624 1604 diffundunt,
666 1565 793 1610 atque
816 1555 1106 1596 extremitate
1142 1555 1210 1597 sua
1249 1559 1445 1602 tendini·

162 1620 235 1663 bus
255 1619 499 1663 extensoris
524 1618 759 1675 affiguntur
787 1631 916 1674 atque
941 1619 1240 1676 implicantur.
1281 1630 1287 1635 ·

289 1746 326 1793 9.
372 1764 445 1791 12.
483 1750 634 1794 Credo
666 1749 841 1791 obuiam
880 1748 963 1790 effe
1003 1749 1113 1791 mihi
1147 1749 1336 1790 eundum
1376 1747 1441 1791 le-

163 1815 306 1864 dori,
355 1827 407 1855 ne
435 1816 638 1865 obiiciat,
661 1827 732 1855 me
763 1816 806 1856 in
828 1826 887 1856 eo
908 1827 1056 1856 errare
1081 1841 1093 1866 ,
1132 1814 1250 1868 quod
1289 1813 1440 1856 stanti·

163 1879 236 1921 bus
259 1879 322 1920 his
342 1881 565 1921 tendinum
586 1879 957 1934 progreffionibus
974 1892 1019 1921 et
1047 1879 1440 1920 coniunctionibus

160 1946 355 1986 minues
382 1943 666 1985 musculorum
697 1943 993 1985 confundam:
1015 1957 1095 1997 qua
1118 1955 1310 1998 propter
1333 1956 1439 1996 pau·

161 2008 209 2049 lo
240 2007 359 2048 liuius
388 2007 464 2048 hac
493 2002 610 2051 dere
635 2019 832 2049 mentem
856 2020 999 2048 meam
1022 2009 1272 2063 explicabo.
1320 2007 1437 2051 cum

163 2073 287 2124 digiti
320 2085 517 2113 manuum
548 2080 635 2115 tres
667 2072 936 2127 potifflmum
967 2083 1115 2114 motus
1143 2071 1337 2114 diversos
1359 2084 1437 2126 pa-

161 2137 326 2176 tiantur
351 2164 361 2184 ,
390 2136 604 2190 flexionem
625 2164 637 2186 ,
676 2138 884 2193 tenfionem
911 2162 923 2186 ,
962 2146 1006 2177 et
1051 2136 1341 2178 inclinationem
1383 2135 1436 2178 ad

159 2198 296 2240 latera
320 2218 328 2241 ;
361 2202 497 2242 tribus
522 2200 585 2243 his
611 2201 764 2244 finibus
786 2202 862 2242 suis
888 2213 1061 2254 quoque
1090 2202 1288 2244 musculis
1316 2201 1436 2240 satis-

172 2278 180 2286 ·
224 2261 337 2309 Tom.
370 2263 459 2308 JV.
783 2266 822 2308 Η
843 2265 870 2306 h
1317 2263 1428 2304 face·
