1976 2605
158 595 276 662 DE
309 587 560 662 ORBIT
565 589 628 650 A
663 585 875 653 SOLIS
897 583 1431 652 DEFINIENDA.

428 704 670 769 Auctore
706 705 771 768 F.
814 705 876 766 C.
918 705 1169 789 Majero.

785 859 825 887 1.

169 928 456 1205 Qui
474 966 613 1010 solem
630 966 860 1009 secundum
875 965 1053 1021 Kepleri
1075 966 1235 1021 placita
1257 964 1436 1009 moveri
1459 977 1658 1017 Mffanuarfo.

448 1032 724 1088 supponunt,
765 1031 1137 1085 (quodhodicrni
1158 1044 1314 1074 omncs
1335 1031 1438 1072 faci·
1515 1027 1607 1060 17²9·

451 1108 529 1138 unt
551 1097 839 1147 Astronomi)
860 1092 1048 1151 majores
1067 1098 1293 1138 inveniunt
1322 1095 1436 1138 diffi-

450 1163 635 1205 cultates
661 1163 706 1205 in
735 1161 1115 1203 determinatione
1150 1162 1231 1202 viae
1265 1161 1434 1211 solaris,

161 1239 288 1282 quam
326 1229 397 1282 qui
430 1226 529 1269 alias
562 1227 795 1282 sequuntur
830 1225 1115 1280 hypotheses.
1187 1226 1361 1277 Suscepi
1393 1225 1438 1266 in

162 1303 234 1331 me
270 1293 386 1331 idem
422 1304 532 1338 opus
557 1292 611 1328 ad
648 1301 846 1325 mentem
882 1290 1062 1335 Keplcti
1096 1286 1438 1339 absolvendum3

163 1351 267 1387 scnss
297 1358 468 1398 quoque
505 1344 780 1383 difficultates
815 1344 996 1392 solitas·,
1046 1344 1245 1395 superavi
1283 1360 1436 1387 tamen

167 1402 1140 1457 subfidioTheorematumGeometricorurn‚
1165 1420 1274 1462 quae,
1298 1423 1434 1464 quan·

164 1483 257 1515 tum
281 1470 394 1520 scio,
436 1481 458 1509 a
483 1468 660 1509 nemine
687 1467 731 1508 in
760 1467 847 1509 hoc
876 1470 1064 1521 negotio
1092 1470 1295 1526 usurpata
1325 1474 1434 1515 sunt.

163 1537 265 1577 Haec
294 1532 478 1588 profero
507 1544 640 1585 nunc,
677 1542 725 1572 ut
753 1544 881 1587 quam
902 1533 1013 1576 bene
1043 1547 1184 1592 opere
1212 1536 1436 1583 defunctus

164 1599 264 1652 fim,
304 1594 578 1655 aliijudicare
601 1595 775 1653 poffint.

286 1737 326 1765 2.
395 1725 549 1770 Tribus
567 1725 789 1770 absolvam
808 1725 1022 1782 capitibus
1044 1727 1213 1771 omnia.
1281 1729 1433 1772 Primo

167 1787 452 1831 theoremata
473 1791 722 1847 explicabo.
790 1792 993 1836 Secundo
1017 1794 1233 1847 exemplis
1251 1793 1434 1835 illustra-

169 1852 226 1893 bo
249 1853 546 1908 theoremata,
567 1857 826 1912 idoneisque
848 1857 1222 1900 observationibus
1241 1858 1434 1912 speciem

172 1917 324 1958 orbitae
354 1918 574 1960 definiam.
642 1923 803 1968 Tertio
837 1923 983 1979 capite
1009 1922 1060 1965 de
1085 1921 1176 1966 sole
1201 1923 1322 1968 varia
1349 1921 1434 1965 huc

170 1983 437 2036 pertinentia
459 1983 614 2028 dicam.

1292 2144 1435 2212 CA-
