1976 2605
185 160 740 228 CONSTRUCTIONIS
776 163 1147 218 METHODUS
1167 169 1259 219 &a
1312 187 1362 214 21
1381 186 1398 214 r

124 311 212 343 ram
234 297 387 340 seriem
412 291 659 336 areolarum
684 291 767 332 effe
790 291 1126 346 applicandum,
1152 301 1195 332 et
1220 290 1272 332 sic
1299 304 1402 345 pro-

123 365 290 406 ductam
325 370 501 415 putant,
542 367 685 398 totam
719 356 901 410 figuram
941 354 1145 408 polyedri
1169 356 1338 398 areolas
1363 359 1403 396 in

123 428 264 472 tabula
296 425 522 478 ampliatas
550 420 832 461 referentem.
910 421 1018 461 Huic
1050 419 1207 460 deinde
1238 421 1406 462 inscribi

124 489 462 535 deformandam
491 487 727 538 imaginem
762 483 908 537 posse,
952 494 995 523 et
1019 483 1208 525 dissectas
1231 488 1318 524 eius
1341 496 1407 525 at·

122 570 206 613 que
241 553 398 596 excisas
423 550 599 593 tandem
630 547 802 590 areolas
825 547 1081 600 tabulaeque
1115 548 1407 600 agglutinat-as

122 615 468 674 anamorphofin
491 624 645 670 putant
668 612 751 654 effe
774 611 1190 667 repraesentaturas.

254 701 290 749 §.
331 719 406 759 31.
473 704 568 753 At,
624 700 783 744 iisdem
833 713 932 741 cum
973 698 1259 740 antecedenti
1298 698 1406 738 haee

121 771 403 813 manuducuo
435 768 604 809 laborat
635 765 743 807 falsis
783 763 1139 821 praesuppositis,
1209 765 1404 817 Aggres-

119 834 209 877 sum
231 835 347 875 enim
371 832 450 875 hac
471 832 647 874 ratione
671 842 807 885 opus,
848 831 919 884 spe
943 832 1009 871 sua
1038 829 1282 870 frustratum
1306 828 1405 869 red-

120 899 182 939 dit
211 896 451 948 artificem,
493 906 777 951 mentemque
808 895 914 937 falsis
937 892 1264 955 ¹hypothesibus
1294 905 1404 934 con-

116 962 282 1013 fundit,
323 973 370 1004 vt
402 960 478 1002 nisi
509 962 561 1003 ad
589 961 807 1016 principia
836 961 1022 1013 Optices
1053 970 1178 1012 atque
1202 957 1405 1000 Geome-

119 1027 227 1067 triae
258 1026 483 1078 confugiat
508 1052 519 1074 ‚
579 1026 828 1078 errorisque
862 1024 1194 1064 fundamentum
1225 1031 1404 1075 quaerat

119 1103 175 1131 ex
199 1091 339 1143 eisque
363 1101 563 1129 errorem
595 1091 862 1142 cognoscat,
900 1087 1074 1128 lassetur
1106 1096 1232 1140 atque
1255 1098 1276 1125 a
1299 1077 1402 1126 coe·

114 1165 200 1208 pto
231 1165 369 1208 opere
401 1152 687 1193 deterreatur.

246 1231 284 1278 §.
327 1249 404 1286 32.
476 1236 771 1290 Compositae
802 1238 920 1277 enim
951 1237 1030 1277 hac
1058 1239 1237 1278 ratione
1275 1250 1402 1280 areo·

119 1296 187 1337 lae
218 1308 260 1338 et
291 1297 341 1336 ad
375 1301 724 1350 magnitudinem
759 1300 929 1351 primae
950 1300 1165 1354 quaesitae
1190 1312 1314 1355 atquc
1338 1305 1401 1342 in-

120 1371 278 1401 uentae
309 1359 578 1412 delineatae,
622 1375 712 1402 non
742 1363 974 1415 replebunt
1000 1375 1146 1404 totum
1172 1366 1399 1416 circulum,

119 1424 190 1466 scd
219 1436 420 1477 magnum
453 1425 699 1478 relinquent
731 1424 899 1465 hiatum
921 1428 963 1480 in
988 1422 1122 1478 figura
1142 1455 1153 1476 ‚
1197 1443 1251 1469 cx
1274 1431 1404 1472 causis

121 1482 159 1531 §.
191 1501 246 1540 29
268 1486 468 1529 adductis.
508 1489 597 1530 Aut
621 1487 649 1528 si
671 1487 854 1530 circulus
876 1490 993 1542 prius
1015 1492 1056 1530 in
1081 1503 1226 1544 parte>
1247 1507 1401 1548 aequa-

117 1553 204 1602 les,
246 1552 450 1607 polyedri
471 1551 732 1606 planitiebus
756 1566 941 1596 numero
964 1555 1308 1610 respondentes,
1352 1560 1402 1599 li-

118 1618 211 1674 neis
250 1616 375 1658 l'uerit
415 1616 564 1659 diuisus
580 1638 598 1667 ,v
638 1627 687 1660 rt
725 1617 914 1673 singulae
952 1631 1033 1673 per
1070 1622 1401 1674 longitudinem

122 1683 365 1723 areolarum
388 1682 630 1733 transeant,
673 1682 914 1737 eademque
934 1684 987 1724 iis
1006 1697 1102 1731 cum
1128 1688 1338 1739 proicit-is
1358 1689 1402 1729 in

123 1745 263 1786 tabula
285 1746 407 1787 detur
426 1747 640 1798 latitudo,
682 1758 783 1789 tunc
814 1749 929 1790 nulla
958 1749 1209 1791 areolarum
1240 1751 1402 1791 cohae-

121 1809 233 1850 rebit
267 1822 362 1850 cum
394 1811 569 1863 vicinis,
611 1812 681 1853 sed
717 1813 928 1855 distabunt
967 1814 1182 1865 inuicem,
1220 1816 1401 1869 ineptae

120 1872 201 1915 hac
239 1876 410 1916 ratione
440 1876 491 1918 ad
527 1877 864 1932 inscriptionem
894 1879 1108 1933 imaginis.
1178 1881 1310 1921 Huius
1339 1882 1402 1922 rei

122 1937 286 1979 causam
324 1938 609 1994 suppeditabit
647 1943 945 1985 consideratio
984 1944 1029 1983 in
1058 1942 1325 1989 Geometria
1356 1955 1400 1988 et

121 2002 282 2055 Optica
303 2002 485 2047 fundata.

250 2083 286 2131 §.
329 2103 406 2142 33.
471 2091 648 2134 Nullam
680 2094 824 2148 itaque
855 2093 983 2136 aliam
1023 2095 1132 2138 mihi
1169 2098 1397 2152 cognitam

120 2150 262 2195 habeo
286 2155 563 2210 methodum,
579 2169 756 2214 praeter
779 2172 876 2202 earn
899 2172 1025 2216 quam
1048 2162 1094 2204 in
1115 2162 1254 2205 citato
1273 2163 1397 2205 libel-

702 2223 778 2267 Dd
802 2239 827 2266 2
1347 2225 1394 2267 lo
