1976 2605
513 173 1042 225 OBSERUATIO'NES
1346 188 1440 229 261

164 304 478 357 consequantur
498 325 511 348 ,
552 298 620 352 qui
658 298 778 353 gigni
810 311 901 341 non
936 298 1178 354 potuissent
1202 325 1216 352 ‚
1254 298 1285 341 fi
1315 313 1448 356 orga-

162 383 213 412 na
252 368 324 410 ista
372 363 610 406 abfuissent.
677 364 792 407 Cum
835 377 947 405 vcro
1005 364 1150 406 homo
1189 392 1204 417 ‚
1258 376 1305 407 ut
1358 365 1444 407 ho-

165 446 240 476 mo
269 460 282 483 ‚
352 432 485 471 ctiam
532 427 621 469 fine
668 427 733 468 his
774 429 1074 478 instrumentis
1129 442 1236 471 raro
1287 442 1442 474 occur·

161 499 353 542 rentibus
384 491 731 550 perfectiffimum
760 492 923 533 animal
949 493 1035 534 ess'e
1055 494 1303 537 iudicetur:
1338 508 1442 550 qua-

161 577 209 606 re
241 562 313 602 iila
343 587 354 611 ‚
396 571 491 601 cum
524 557 660 599 adflat
686 584 698 607 ,
741 568 832 597 non
878 569 1015 611 aeque
1056 558 1298 610 miramur,
1337 572 1384 600 ac
1414 559 1445 602 fi

162 628 207 668 in
237 626 466 667 hominem
497 623 608 677 pede
635 633 708 663 aut
739 621 886 675 digito
915 623 1303 676 supernumerario
1333 624 1445 664 dita·

165 701 257 733 tum
279 690 504 731 incidimus
525 684 560 728 3·
578 686 755 732 Scilicet
775 687 896 728 huius
917 688 1211 729 incommoda
1234 699 1305 729 aut
1319 699 1449 728 com·

164 755 297 796 moda
334 754 378 795 in
410 752 563 795 oculos
607 753 749 794 statim
796 752 1053 795 incurrunt:
1089 753 1165 795 ista
1194 764 1343 796 autem
1370 753 1448 794 de·

165 818 365 874 spicimus
384 845 398 869 ‚
437 818 532 873 quia
561 819 833 872 ignoramus.

767 926 828 970 Π.

275 1011 363 1054 Res
391 1003 519 1050 o'mni
546 1009 803 1049 attentione
845 1008 1090 1063 dignissima
1144 1009 1292 1052 oblata
1338 1009 1666 1061 mihi-summm.

159 1072 220 1115 est
250 1074 292 1115 in
323 1085 454 1115 vtero
492 1073 683 1112 feminae
730 1072 909 1113 alicuius
935 1085 957 1112 a
989 1087 1058 1113 me
1086 1074 1303 1115 diffestae.
1338 1075 1556 1133 Etutam,
1580 1080 1666 1141 Ἓξ

155 1147 304 1176 vterus
352 1149 402 1175 ea
438 1135 740 1186 magnitudine
765 1160 776 1182 ,
818 1149 899 1189 qua
921 1137 1005 1178 effe
1040 1137 1152 1178 solet
1191 1139 1234 1179 in
1262 1122 1647 1192 virgini-gssssmisstff

155 1198 259 1249 bus,
298 1200 509 1252 tubaeque
537 1198 691 1239 ambae
713 1211 894 1251 apertae
916 1202 1092 1255 quidem
1121 1202 1175 1243 ad
1212 1196 1609 1270 ingrtffumffffiffj“

156 1263 276 1304 vteri
299 1289 310 1311 ,
349 1265 410 1303 ita
433 1272 482 1302 vt
512 1275 569 1303 ex
595 1262 750 1303 hocin
797 1265 892 1304 illas
941 1278 1040 1306 cum
1090 1265 1273 1319 specillo
1321 1267 1447 1308 facile
1570 1257 1580 1270 ⁰

161 1325 333 1380 poffem
365 1324 546 1366 tranfire
570 1353 582 1375 ‚
620 1339 667 1366 ac
697 1326 851 1368 flatum
891 1329 1095 1371 iniicere:
1134 1331 1206 1370 sed
1245 1332 1289 1372 in
1323 1332 1445 1373 tuba·

161 1402 255 1430 rum
276 1401 488 1430 extremo
513 1390 628 1430 nulla
649 1390 830 1430 dabatur
848 1404 1051 1443 apertura
1076 1421 1087 1443 ‚
1130 1394 1267 1435 nullus
1290 1395 1446 1438 aditus.

161 1453 444 1497 Fimbriarum
478 1454 594 1491 enim
634 1464 690 1491 ne
710 1454 936 1506 vestigium
969 1458 1147 1509 quidem
1177 1459 1351 1509 aderat,
1375 1460 1447 1502 sed

161 1518 268 1559 loco
292 1516 456 1559 iliarum
476 1515 622 1556 bulbus
644 1515 793 1572 aliquis
807 1518 1073 1572 pyrif'ormis
1094 1548 1109 1571 ,
1149 1523 1334 1565 materia
1354 1524 1444 1566 sub·

162 1582 301 1624 albida
331 1581 462 1623 fluida
490 1591 667 1634 turgens
689 1609 701 1631 ‚
742 1582 785 1623 in
820 1584 936 1624 cuius
983 1586 1137 1627 medio
1176 1585 1285 1628 fibra
1315 1589 1448 1643 piana

162 1659 320 1696 neruea
340 1673 353 1697 ,
389 1646 665 1687 cicatriculae
687 1674 690 1676 -
709 1648 880 1689 aemula
908 1651 1149 1702 apparebat
1178 1679 1190 1700 ,
1228 1665 1336 1706 quae
1377 1653 1449 1694 sub

163 1710 433 1764 ligamentum
457 1711 601 1766 speeie
629 1724 763 1766 vsque
789 1713 843 1754 ad
873 1715 1017 1756 ouarii
1057 1715 1286 1758 inuolucra
1333 1729 1444 1772 pro·

160 1775 434 1818 tendebatur.

277 1849 441 1894 Dices:
476 1853 630 1894 eadem
657 1865 679 1894 a
703 1855 916 1907 Regnero
954 1854 1009 1896 de
1044 1854 1190 1901 Graaf
1211 1856 1297 1900 iam
1332 1857 1444 1901 oiim

164 1923 333 1956 notata.
393 1916 608 1972 Equidem
637 1931 730 1960 non
760 1921 1012 1974 negauerim
1034 1950 1047 1974 ,
1088 1921 1296 1963 illustrem
1327 1922 1445 1965 hunc

162 1979 459 2022 Proseaorem
479 1983 521 2023 in
544 1982 660 2023 libro
679 1983 758 2024 suo
775 1985 828 2023 de
844 1985 1033 2038 organis
1054 1986 1329 2028 muliebribus
1350 1998 1443 2030 non

162 2044 306 2083 modo
334 2036 513 2088 fim'ilem
551 2048 719 2088 Tubam
741 2063 743 2065 ·
767 2048 998 2090 delineasse
1036 2051 1129 2092 Tab
1163 2052 1291 2094 XIX.
1323 2052 1350 2094 f.
1396 2067 1443 2106 3.

160 2108 231 2147 fed
260 2120 304 2148 et
337 2111 544 2151 monuisse
584 2112 762 2163 „Tubas
786 2140 798 2163 ‚
836 2116 1030 2167 quamvis
1081 2116 1313 2158 secundum
1367 2131 1443 2158 or-

163 2172 373 2214 dinariam
396 2185 592 2218 naturae·
609 2177 946 2233 dispositionem
977 2180 1023 2223 in
1060 2183 1351 2225 extremitate
1374 2182 1444 2222 sua

745 2243 831 2287 Kk
858 2258 885 2298 3
1363 2258 1441 2288 not
