1976 2605
350 156 698 211 SOCIETATE
733 156 1098 204 msnrvm
1115 163 1202 210 &a
1314 178 1404 218 197

134 283 317 328 altitudo
336 283 669 338 quatuordecim
694 280 925 335 pollicum:
970 281 1081 324 hanc
1100 295 1205 337 aqua
1227 281 1409 334 impleui

131 352 300 404 eiusque
331 351 445 402 parti
475 346 651 389 infimae
680 346 861 387 fistulam
893 358 1092 388 accurate
1123 346 1408 400 cylindricam

133 425 190 456 ex
227 414 347 454 ferro
379 412 625 453 fabricatam
658 410 784 451 infixi
813 411 1183 452 lrorizoutaliter:
1239 410 1306 451 lta
1335 423 1407 451 au-

131 488 223 520 tem
260 477 390 519 faetus
422 486 515 518 erat
552 474 673 514 tubus
711 475 785 514 iste
817 473 990 515 ferreus.
1057 474 1408 527 Longitudinem

130 555 293 594 nempe
326 541 468 582 habuit
506 539 584 582 ΑΒ
611 559 644 595 4
670 537 779 591 poll.
813 551 836 577 2
866 538 943 579 lin.
972 537 1103 590 Angl.
1143 538 1407 579 diametrum

130 606 206 648 BC
235 618 278 655 7.
300 607 374 647 lin.
400 606 443 646 in
473 604 622 644 medio
651 605 772 643 tubus
794 601 1063 644 soraminulo
1085 613 1122 642 m
1142 612 1233 642 erut
1258 601 1407 654 perfo-

132 681 247 710 ratus
267 670 508 723 ibidemque
527 666 694 708 tubulus
709 666 793 709 DE
811 667 977 721 pariter
1000 665 1162 707 ferreus
1181 666 1253 706 sex
1272 665 1408 706 lineas

129 734 285 786 longus
304 746 350 775 ac
370 733 664 787 sesquilineam
692 732 737 772 in
758 731 980 772 diametro
1010 731 1170 771 habens
1188 728 1408 770 afferumi—

127 808 252 837 natus
278 808 392 847 erat,
431 799 491 838 ita
515 806 565 838 »vt
593 795 905 837 foraminulum
925 797 1022 836 min
1045 796 1196 837 medio
1218 794 1321 835 basis
1342 793 1408 834 so-

129 870 266 901 ueret.
334 862 439 902 Huic
469 860 751 914 postmodum
782 860 933 901 tubulo
963 859 1318 912 imposuitubum
1342 859 1407 899 vi·

130 934 270 966 treum
299 925 530 979 aequabilis
566 924 866 979 amplitudinis
893 935 940 966 vt
971 936 1154 978 apparet
1193 926 1234 964 in
1271 922 1408 975 figura

129 990 293 1038 tertia,
348 1002 457 1043 quae
494 989 679 1029 modum
717 990 854 1029 totius
889 988 1191 1042 experimenti
1230 988 1406 1027 indicat.

127 1052 268 1094 Porro
297 1054 379 1094 tria
408 1053 616 1106 opercula
642 1051 828 1093 confieri
855 1053 999 1093 curaui
1029 1052 1135 1092 tubo
1166 1051 1313 1090 ferreo
1331 1051 1405 1090 ad—

125 1125 299 1167 aptata,
323 1115 539 1156 foramine
562 1117 753 1156 diuersae
777 1116 1087 1168 magnitudinis
1110 1116 1299 1167 pertusa:
1340 1125 1404 1155 ta-

124 1177 164 1218 le
186 1179 446 1234 operculum
467 1179 816 1235 repraesentatur
836 1179 972 1236 figura
994 1180 1189 1222 secunda.
1243 1175 1246 1177 ’

254 1308 376 1349 Hisce
400 1311 597 1351 omnibus
617 1311 856 1352 coninnffis
875 1322 974 1351 eum
1007 1312 1048 1352 in
1070 1312 1252 1352 modum
1270 1320 1399 1364 quem

129 1371 315 1412 ostendit
335 1371 469 1424 figura
489 1377 617 1415 tertia
638 1375 835 1427 factoque
857 1388 909 1415 ne
929 1389 1034 1428 aqua
1055 1388 1134 1428 per
1153 1376 1252 1415 alias
1272 1375 1402 1413 rimas

126 1435 529 1488 quam-aperturam·
545 1438 584 1476 in
603 1436 679 1478 BG
700 1437 924 1487 efflueret,
959 1438 1156 1478 obrui-aui
1181 1436 1400 1477 orificium

127 1500 168 1539 in
192 1499 293 1548 BC,
332 1510 508 1553 tumque
529 1500 750 1540 obseruaui
771 1501 813 1540 in
833 1501 939 1541 tubo
962 1503 1105 1542 vitreo
1127 1502 1401 1542 verticuluri-

126 1553 195 1603 ter
225 1563 394 1616 posito,
438 1565 641 1616 punctum
663 1564 755 1605 nad
783 1566 900 1618 quod
931 1578 1062 1620 aquae
1092 1565 1397 1616 ascendebant,

125 1627 251 1680 idque
268 1626 344 1667 filo
366 1627 530 1668 sericeo
552 1630 878 1670 circumuoluto
898 1631 1070 1672 notaui:
1112 1631 1229 1683 prius
1251 1642 1396 1670 autem

128 1691 460 1742 exploraueram
490 1694 698 1734 virtutem
729 1695 981 1747 capillarem
1013 1694 1123 1735 istius
1152 1695 1239 1734 tubi
1267 1693 1400 1734 vitrei

129 1752 322 1808 huncque
351 1756 601 1797 inueneram
635 1758 820 1812 quinque
855 1760 1092 1808 linearum,
1129 1760 1187 1797 ita
1217 1769 1262 1797 vt
1291 1757 1398 1798 tubo

129 1830 258 1870 aquae
287 1821 549 1861 verticaliter
575 1822 765 1861 immisso
796 1823 1041 1864 differentia
1079 1824 1196 1864 inter
1229 1833 1396 1863 Vtram.-

126 1894 207 1935 que
234 1883 498 1935 superficiem
528 1898 661 1939 aquae
691 1885 794 1927 esset
814 1890 998 1942 quinque
1017 1890 1250 1929 linearum:
1292 1900 1394 1939 pro-

127 1957 279 1998 pterea
307 1950 506 2000 mustum
527 1963 549 1988 n
569 1951 688 2001 supra
710 1951 981 2004 superficiem
1003 1953 1071 1993 EF
1094 1952 1311 1992 eleuatum
1334 1950 1393 1991 fu-

124 2010 158 2049 it
183 2011 370 2052 totidem
394 2012 540 2062 lineis,
584 2013 766 2067 hincque
790 2015 829 2055 in
852 2017 1019 2056 calculo
1049 2018 1221 2070 quacuis
1248 2016 1395 2057 altitu-

126 2074 183 2112 do
223 2074 312 2122 Du,
349 2075 417 2130 Dg
448 2079 630 2132 quinque
667 2079 792 2118 lineis
829 2081 1040 2121 diminuta
1076 2082 1282 2122 censenda
1319 2079 1391 2120 est.

122 2136 173 2178 ln
199 2138 370 2193 lingulis
395 2144 711 2196 experimentis
738 2157 834 2184 :irca
855 2147 970 2199 aquis
987 2146 1046 2187 ita
1069 2145 1195 2200 plenu
1217 2145 1391 2188 conser-

706 2208 776 2251 Bb
817 2224 841 2261 3
1319 2220 1390 2248 ua-

1452 611 1524 649 sig.
1549 619 1575 642 ¹.

1455 1300 1522 1339 rig.
1546 1308 1580 1332 2.

1453 1394 1525 1429 Εἰς.
1548 1402 1581 1431 3.
