1976 2605
351 627 400 659 nd.
447 627 530 664 Sepn

398 675 489 707 1729.

556 151 649 191 εδει
730 139 819 192 DE
854 140 1166 192 TRACHEIS
1200 143 1607 195 PLANTARUM

620 306 1099 370 TRACHEIS
1153 257 1759 375 {ELANTARUM

788 397 872 441 EX
925 397 1168 439 MELONE
1217 398 1594 440 OBSERUATIO

904 480 982 542 G.
1020 482 1090 544 Β.
1127 483 1485 567 Βῑψῇίὶηὲενί.

558 593 831 819 Cum
878 612 1027 652 nudius
1076 613 1232 654 tertius
1269 612 1348 662 (d.
1389 627 1431 665 3.
1471 612 1592 668 Sept.
1637 626 1778 668 1729.
1812 620 1831 670 )

786 671 985 718 Melonem
1022 675 1217 729 plantam
1251 677 1383 717 tribus
1423 681 1600 720 maturis
1629 681 1830 723 fructibus

786 739 1185 781 commendabilem
1208 741 1250 779 in
1280 740 1466 781 hortulo
1497 755 1601 783 meo
1632 757 1686 785 ex
1707 756 1828 785 terra

788 804 1092 854 extraherem,
1134 806 1342 844 excitauit
1365 804 1500 857 figura
1527 807 1719 849 radicum
1750 820 1828 848 ex·

556 868 698 908 terior
716 868 1001 921 cupiditatem
1025 868 1268 921 inquirendi
1290 870 1331 907 in
1355 869 1603 911 structuram
1628 874 1729 912 eius.
1768 871 1832 912 Ea

556 942 701 972 autem
725 931 858 972 oculis
879 931 1058 972 subiecta
1081 929 1361 972 Trachemwn
1377 930 1516 985 forma
1541 935 1651 975 adeo
1682 934 1830 988 placu-

557 995 608 1043 it,
650 1004 698 1033 vt
730 996 912 1034 eandem
938 1007 1017 1048 per
1041 996 1259 1048 integram
1286 995 1479 1049 persequi
1502 998 1695 1049 plantam
1721 1010 1831 1050 ope·

556 1069 628 1097 rae
654 1058 846 1108 pretium
868 1058 1161 1096 iudicauerim.
1231 1058 1338 1097 Non
1362 1061 1479 1097 enim
1505 1060 1660 1112 vbique
1684 1061 1832 1102 videas

558 1119 771 1174 explicite
787 1150 799 1173 ,
835 1132 939 1173 quae
962 1118 1031 1159 hic
1055 1118 1247 1159 distinete
1269 1128 1439 1172 patent,

982 1234 1397 1296 Phaenomena

686 1340 792 1383 haee
831 1340 945 1382 sunt:
999 1353 1037 1379 1.
1068 1337 1175 1378 secta
1199 1333 1473 1376 transuerfim
1504 1334 1629 1376 radix
1658 1345 1835 1387 praeter

559 1405 800 1453 corticem,
835 1414 918 1443 etc.
964 1401 1150 1453 plurima
1191 1400 1363 1438 obtutui
1403 1398 1617 1439 foramina
1661 1400 1830 1450 obiicit,

562 1469 733 1509 maiora
771 1476 842 1507 aut
882 1466 1076 1512 minora,
1120 1471 1253 1513 prout
1284 1462 1436 1501 radicis
1474 1461 1638 1502 fortior
1677 1467 1833 1516 portio

563 1532 706 1572 fuerit⁰
774 1531 925 1571 Patent
948 1527 1018 1567 illa
1041 1525 1157 1565 nudo
1182 1523 1312 1564 oculo
1336 1525 1550 1565 facillime.
1625 1539 1666 1565 2.
1691 1526 1833 1569 Colli-

562 1606 722 1650 guntur
745 1604 887 1633 autem
912 1593 953 1630 in
977 1590 1196 1630 fasciculos
1225 1587 1337 1641 quasi
1367 1589 1478 1628 circa
1507 1601 1634 1628 axem
1664 1590 1833 1629 radicis.

564 1661 729 1702 Eorum
762 1668 848 1697 tres
879 1656 967 1695 vidi
996 1656 1039 1694 in
1070 1652 1522 1694 minoribus‘radicum
1553 1651 1748 1701 surculis,
1787 1653 1834 1693 in

565 1722 801 1764 maioribus
824 1731 1033 1773 quatuor,
1075 1717 1212 1771 estque
1234 1717 1416 1756 materia
1437 1716 1479 1756 in
1508 1727 1588 1768 qua
1616 1716 1832 1768 conspici-

563 1797 695 1826 untur
729 1784 889 1825 diuersa
922 1784 970 1823 ab
1000 1781 1245 1830 ambiente,
1288 1790 1329 1820 et
1365 1779 1526 1820 durior.
1615 1793 1655 1829 3.
1697 1780 1832 1820 Pleri-

569 1863 647 1904 que
670 1850 827 1890 horum
852 1846 1145 1887 fasciculorum
1173 1845 1316 1884 denuo
1340 1843 1382 1881 in
1402 1842 1553 1894 suas‚et
1576 1842 1832 1895 plerumque

569 1926 679 1964 tres,
707 1923 849 1966 partes
874 1910 1027 1951 diuisae
1051 1910 1166 1957 sunt,
1190 1907 1460 1958 sensibiliter,
1501 1908 1675 1959 suntque
1700 1908 1833 1946 inter-

570 1977 800 2029 capedines
839 1975 1036 2027 repletae
1071 1973 1257 2013 materia
1294 1971 1469 2022 eadem,
1519 1983 1597 2023 qua
1637 1971 1832 2010 ambitus-

572 2058 615 2091 4.
641 2040 682 2080 Si
709 2041 848 2092 plures
877 2036 1098 2079 succeffiue
1131 2033 1347 2076 orbiculos
1376 2035 1630 2081 examines(
1660 2034 1727 2073 seu
1758 2046 1835 2073 nu-

574 2105 631 2143 do
657 2104 812 2154 oculo,
854 2103 921 2142 seu
943 2103 1152 2152 armato)
1175 2098 1437 2141 foraminum
1466 2099 1582 2140 idem
1614 2098 1726 2139 ordo
1758 2096 1832 2145 est,

1791 2167 1835 2198 et
