<?xml version="1.0" encoding="UTF-8"?>
<!DOCTYPE html PUBLIC "-//W3C//DTD XHTML 1.0 Transitional//EN"
    "http://www.w3.org/TR/xhtml1/DTD/xhtml1-transitional.dtd">
<html xmlns="http://www.w3.org/1999/xhtml" xml:lang="en" lang="en">
 <head>
  <title>
</title>
<meta http-equiv="Content-Type" content="text/html;charset=utf-8" />
  <meta name='ocr-system' content='tesseract 3.04.00' />
  <meta name='ocr-capabilities' content='ocr_page ocr_carea ocr_par ocr_line ocrx_word'/>
</head>
<body>
  <div class='ocr_page' id='page_1' title='image "./commentariiacade04impe_0266.png"; bbox 0 0 1976 2605; ppageno 0'>
   <div class='ocr_carea' id='block_1_1' title="bbox 554 125 1673 195">
    <p class='ocr_par' dir='ltr' id='par_1_1' title="bbox 554 125 1673 195">
     <span class='ocr_line' id='line_1_1' title="bbox 554 125 1673 195; baseline -0.004 -18"><span class='ocrx_word' id='word_1_1' title='bbox 554 147 654 195; x_wconf 71' lang='lat'>²54</span> <span class='ocrx_word' id='word_1_2' title='bbox 768 128 855 175; x_wconf 83' lang='lat' dir='ltr'>DE</span> <span class='ocrx_word' id='word_1_3' title='bbox 890 127 1169 176; x_wconf 82' lang='lat' dir='ltr'><strong><em>ACTIONE</em></strong></span> <span class='ocrx_word' id='word_1_4' title='bbox 1207 125 1673 176; x_wconf 70' lang='lat' dir='ltr'><strong><em>MUSCULORUM„</em></strong></span> 
     </span>
    </p>
   </div>
   <div class='ocr_carea' id='block_1_2' title="bbox 666 247 1825 927">
    <p class='ocr_par' dir='ltr' id='par_1_2' title="bbox 672 247 1391 301">
     <span class='ocr_line' id='line_1_2' title="bbox 672 247 1391 301; baseline -0.007 -8"><span class='ocrx_word' id='word_1_5' title='bbox 672 266 708 293; x_wconf 86' lang='lat' dir='ltr'>e.</span> <span class='ocrx_word' id='word_1_6' title='bbox 779 251 917 292; x_wconf 84' lang='lat' dir='ltr'>tendo</span> <span class='ocrx_word' id='word_1_7' title='bbox 944 249 1201 289; x_wconf 81' lang='lat' dir='ltr'>lumbricalis</span> <span class='ocrx_word' id='word_1_8' title='bbox 1220 247 1391 301; x_wconf 76' lang='lat' dir='ltr'>longus.</span> 
     </span>
    </p>

    <p class='ocr_par' dir='ltr' id='par_1_3' title="bbox 669 312 1820 417">
     <span class='ocr_line' id='line_1_3' title="bbox 669 312 1820 368; baseline 0.001 -15"><span class='ocrx_word' id='word_1_9' title='bbox 669 317 716 357; x_wconf 84' lang='lat' dir='ltr'>f.</span> <span class='ocrx_word' id='word_1_10' title='bbox 784 312 1065 354; x_wconf 82' lang='lat' dir='ltr'>interstitium</span> <span class='ocrx_word' id='word_1_11' title='bbox 1110 313 1403 364; x_wconf 76' lang='lat' dir='ltr'>triangulare,</span> <span class='ocrx_word' id='word_1_12' title='bbox 1445 312 1694 354; x_wconf 83' lang='lat' dir='ltr'>membrana</span> <span class='ocrx_word' id='word_1_13' title='bbox 1714 325 1820 368; x_wconf 75' lang='lat' dir='ltr'>apo-</span> 
     </span>
     <span class='ocr_line' id='line_1_4' title="bbox 769 376 1204 417; baseline -0.007 0"><span class='ocrx_word' id='word_1_14' title='bbox 769 378 998 417; x_wconf 83' lang='lat' dir='ltr'>nevrotica</span> <span class='ocrx_word' id='word_1_15' title='bbox 1030 376 1204 417; x_wconf 55' lang='lat' dir='ltr'>tedium.</span> 
     </span>
    </p>

    <p class='ocr_par' dir='ltr' id='par_1_4' title="bbox 670 438 1823 544">
     <span class='ocr_line' id='line_1_5' title="bbox 670 438 1823 494; baseline 0.001 -13"><span class='ocrx_word' id='word_1_16' title='bbox 670 453 711 494; x_wconf 81' lang='lat' dir='ltr'>g.</span> <span class='ocrx_word' id='word_1_17' title='bbox 779 440 965 480; x_wconf 85' lang='lat' dir='ltr'>ambitus</span> <span class='ocrx_word' id='word_1_18' title='bbox 985 440 1170 480; x_wconf 87' lang='lat' dir='ltr'>tendinis</span> <span class='ocrx_word' id='word_1_19' title='bbox 1189 438 1378 480; x_wconf 70' lang='lat' dir='ltr'>lateralis</span> <span class='ocrx_word' id='word_1_20' title='bbox 1399 438 1450 479; x_wconf 83' lang='lat' dir='ltr'>ad</span> <span class='ocrx_word' id='word_1_21' title='bbox 1466 440 1823 483; x_wconf 77' lang='lat' dir='ltr'>articulationem</span> 
     </span>
     <span class='ocr_line' id='line_1_6' title="bbox 767 503 1192 544; baseline -0.002 0"><span class='ocrx_word' id='word_1_22' title='bbox 767 503 1009 544; x_wconf 75' lang='lat' dir='ltr'>secundam,</span> <span class='ocrx_word' id='word_1_23' title='bbox 1183 506 1192 510; x_wconf 74' lang='grc'>”</span> 
     </span>
    </p>

    <p class='ocr_par' dir='ltr' id='par_1_5' title="bbox 670 566 1555 619">
     <span class='ocr_line' id='line_1_7' title="bbox 670 566 1555 619; baseline -0.002 -11"><span class='ocrx_word' id='word_1_24' title='bbox 670 567 713 609; x_wconf 90' lang='lat' dir='ltr'>h.</span> <span class='ocrx_word' id='word_1_25' title='bbox 781 566 892 607; x_wconf 86' lang='lat' dir='ltr'>illius</span> <span class='ocrx_word' id='word_1_26' title='bbox 922 567 1145 616; x_wconf 84' lang='lat' dir='ltr'>reflexio,</span> <span class='ocrx_word' id='word_1_27' title='bbox 1182 567 1324 608; x_wconf 73' lang='lat' dir='ltr'>versus</span> <span class='ocrx_word' id='word_1_28' title='bbox 1362 567 1555 619; x_wconf 79' lang='lat' dir='ltr'>dorsum,</span> 
     </span>
    </p>

    <p class='ocr_par' dir='ltr' id='par_1_6' title="bbox 670 629 1148 682">
     <span class='ocr_line' id='line_1_8' title="bbox 670 629 1148 682; baseline 0 -11"><span class='ocrx_word' id='word_1_29' title='bbox 670 634 713 671; x_wconf 90' lang='lat' dir='ltr'>i.</span> <span class='ocrx_word' id='word_1_30' title='bbox 784 629 1022 672; x_wconf 73' lang='lat' dir='ltr'>decussatio</span> <span class='ocrx_word' id='word_1_31' title='bbox 1053 658 1065 682; x_wconf 85' lang='lat'><strong><em>,</em></strong></span> <span class='ocrx_word' id='word_1_32' title='bbox 1105 639 1148 671; x_wconf 76' lang='lat' dir='ltr'>et</span> 
     </span>
    </p>

    <p class='ocr_par' dir='ltr' id='par_1_7' title="bbox 667 694 972 736">
     <span class='ocr_line' id='line_1_9' title="bbox 667 694 972 736; baseline -0.003 0"><span class='ocrx_word' id='word_1_33' title='bbox 667 695 705 736; x_wconf 82' lang='lat' dir='ltr'>k.</span> <span class='ocrx_word' id='word_1_34' title='bbox 776 694 972 735; x_wconf 74' lang='lat' dir='ltr'>insertio,</span> 
     </span>
    </p>

    <p class='ocr_par' dir='ltr' id='par_1_8' title="bbox 666 756 1825 927">
     <span class='ocr_line' id='line_1_10' title="bbox 666 756 1825 811; baseline -0.002 -11"><span class='ocrx_word' id='word_1_35' title='bbox 666 759 681 800; x_wconf 83' lang='lat' dir='ltr'>l</span> <span class='ocrx_word' id='word_1_36' title='bbox 702 788 711 798; x_wconf 89' lang='lat'><em>.</em></span> <span class='ocrx_word' id='word_1_37' title='bbox 783 759 945 811; x_wconf 81' lang='lat' dir='ltr'>duplex</span> <span class='ocrx_word' id='word_1_38' title='bbox 966 758 1172 799; x_wconf 86' lang='lat' dir='ltr'>musculus</span> <span class='ocrx_word' id='word_1_39' title='bbox 1188 757 1446 799; x_wconf 79' lang='lat' dir='ltr'>interoffeus</span> <span class='ocrx_word' id='word_1_40' title='bbox 1469 784 1480 807; x_wconf 89' lang='lat'>,</span> <span class='ocrx_word' id='word_1_41' title='bbox 1522 757 1566 797; x_wconf 89' lang='lat' dir='ltr'>in</span> <span class='ocrx_word' id='word_1_42' title='bbox 1593 756 1730 798; x_wconf 79' lang='lat' dir='ltr'>latere</span> <span class='ocrx_word' id='word_1_43' title='bbox 1761 758 1825 798; x_wconf 88' lang='lat' dir='ltr'>di-</span> 
     </span>
     <span class='ocr_line' id='line_1_11' title="bbox 765 815 1825 875; baseline 0.004 -15"><span class='ocrx_word' id='word_1_44' title='bbox 765 822 847 873; x_wconf 82' lang='lat' dir='ltr'>giti</span> <span class='ocrx_word' id='word_1_45' title='bbox 870 822 1003 862; x_wconf 87' lang='lat' dir='ltr'>medii</span> <span class='ocrx_word' id='word_1_46' title='bbox 1022 824 1203 863; x_wconf 80' lang='lat' dir='ltr'>interno</span> <span class='ocrx_word' id='word_1_47' title='bbox 1226 849 1237 871; x_wconf 88' lang='lat'>‚</span> <span class='ocrx_word' id='word_1_48' title='bbox 1279 823 1392 862; x_wconf 78' lang='lat' dir='ltr'>cuius</span> <span class='ocrx_word' id='word_1_49' title='bbox 1415 815 1616 863; x_wconf 63' lang='lat' dir='ltr'>tendine‘s</span> <span class='ocrx_word' id='word_1_50' title='bbox 1630 833 1825 875; x_wconf 78' lang='lat' dir='ltr'>aponeu·</span> 
     </span>
     <span class='ocr_line' id='line_1_12' title="bbox 762 876 1401 927; baseline 0 -3"><span class='ocrx_word' id='word_1_51' title='bbox 762 885 879 925; x_wconf 69' lang='lat' dir='ltr'>rosm</span> <span class='ocrx_word' id='word_1_52' title='bbox 898 886 1030 926; x_wconf 81' lang='lat' dir='ltr'>latam</span> <span class='ocrx_word' id='word_1_53' title='bbox 1049 887 1258 927; x_wconf 81' lang='lat' dir='ltr'>formant.</span> <span class='ocrx_word' id='word_1_54' title='bbox 1398 876 1401 879; x_wconf 38' lang='lat'><em>⁴</em></span> 
     </span>
    </p>
   </div>
   <div class='ocr_carea' id='block_1_3' title="bbox 550 1008 1827 1251">
    <p class='ocr_par' dir='ltr' id='par_1_9' title="bbox 550 1008 1827 1251">
     <span class='ocr_line' id='line_1_13' title="bbox 550 1008 1826 1063; baseline 0 -11"><span class='ocrx_word' id='word_1_55' title='bbox 550 1011 638 1063; x_wconf 59' lang='lat' dir='ltr'>fig.</span> <span class='ocrx_word' id='word_1_56' title='bbox 680 1014 725 1050; x_wconf 86' lang='lat'>6.</span> <span class='ocrx_word' id='word_1_57' title='bbox 767 1011 946 1050; x_wconf 85' lang='lat' dir='ltr'>exhibet</span> <span class='ocrx_word' id='word_1_58' title='bbox 986 1011 1277 1051; x_wconf 83' lang='lat' dir='ltr'><strong>insertionem</strong></span> <span class='ocrx_word' id='word_1_59' title='bbox 1326 1008 1557 1050; x_wconf 82' lang='lat' dir='ltr'>lateralem</span> <span class='ocrx_word' id='word_1_60' title='bbox 1601 1009 1826 1052; x_wconf 77' lang='lat' dir='ltr'>Portionis</span> 
     </span>
     <span class='ocr_line' id='line_1_14' title="bbox 766 1071 1827 1121; baseline 0.001 -10"><span class='ocrx_word' id='word_1_61' title='bbox 766 1072 1003 1112; x_wconf 76' lang='lat' dir='ltr'>tendineae</span> <span class='ocrx_word' id='word_1_62' title='bbox 1025 1073 1193 1111; x_wconf 87' lang='lat' dir='ltr'>mediae</span> <span class='ocrx_word' id='word_1_63' title='bbox 1222 1071 1401 1111; x_wconf 89' lang='lat' dir='ltr'>Musculi</span> <span class='ocrx_word' id='word_1_64' title='bbox 1432 1072 1567 1121; x_wconf 85' lang='lat' dir='ltr'>vulgo</span> <span class='ocrx_word' id='word_1_65' title='bbox 1587 1074 1827 1112; x_wconf 80' lang='lat' dir='ltr'>extensoris</span> 
     </span>
     <span class='ocr_line' id='line_1_15' title="bbox 772 1131 1824 1187; baseline -0.001 -13"><span class='ocrx_word' id='word_1_66' title='bbox 772 1135 874 1176; x_wconf 79' lang='lat' dir='ltr'>dic‘ti</span> <span class='ocrx_word' id='word_1_67' title='bbox 906 1136 951 1175; x_wconf 89' lang='lat' dir='ltr'>in</span> <span class='ocrx_word' id='word_1_68' title='bbox 991 1133 1251 1186; x_wconf 78' lang='lat' dir='ltr'>phalangam</span> <span class='ocrx_word' id='word_1_69' title='bbox 1284 1131 1458 1185; x_wconf 79' lang='lat' dir='ltr'>pollicis</span> <span class='ocrx_word' id='word_1_70' title='bbox 1480 1133 1666 1185; x_wconf 80' lang='lat' dir='ltr'>primam</span> <span class='ocrx_word' id='word_1_71' title='bbox 1690 1145 1824 1187; x_wconf 80' lang='lat' dir='ltr'>,quae</span> 
     </span>
     <span class='ocr_line' id='line_1_16' title="bbox 772 1195 1373 1251; baseline -0.005 -14"><span class='ocrx_word' id='word_1_72' title='bbox 772 1209 873 1238; x_wconf 83' lang='lat' dir='ltr'>cum</span> <span class='ocrx_word' id='word_1_73' title='bbox 926 1209 1062 1251; x_wconf 81' lang='lat' dir='ltr'>carpo</span> <span class='ocrx_word' id='word_1_74' title='bbox 1108 1195 1373 1237; x_wconf 82' lang='lat' dir='ltr'>articulatur.</span> 
     </span>
    </p>
   </div>
   <div class='ocr_carea' id='block_1_4' title="bbox 677 1317 1829 1808">
    <p class='ocr_par' dir='ltr' id='par_1_10' title="bbox 677 1317 1828 1438">
     <span class='ocr_line' id='line_1_17' title="bbox 677 1317 1828 1378; baseline -0.007 -11"><span class='ocrx_word' id='word_1_75' title='bbox 677 1339 716 1368; x_wconf 79' lang='lat' dir='ltr'>a.</span> <span class='ocrx_word' id='word_1_76' title='bbox 782 1323 1022 1378; x_wconf 82' lang='lat' dir='ltr'>capitulum</span> <span class='ocrx_word' id='word_1_77' title='bbox 1041 1321 1239 1372; x_wconf 84' lang='lat' dir='ltr'>inferius,</span> <span class='ocrx_word' id='word_1_78' title='bbox 1277 1330 1365 1374; x_wconf 89' lang='lat' dir='ltr'>quo</span> <span class='ocrx_word' id='word_1_79' title='bbox 1382 1317 1482 1360; x_wconf 87' lang='lat' dir='ltr'>cum</span> <span class='ocrx_word' id='word_1_80' title='bbox 1502 1317 1718 1373; x_wconf 75' lang='lat' dir='ltr'>phalanga</span> <span class='ocrx_word' id='word_1_81' title='bbox 1735 1329 1828 1359; x_wconf 75' lang='lat' dir='ltr'>me=</span> 
     </span>
     <span class='ocr_line' id='line_1_18' title="bbox 777 1387 1502 1438; baseline -0.012 -10"><span class='ocrx_word' id='word_1_82' title='bbox 777 1389 845 1428; x_wconf 86' lang='lat' dir='ltr'>dia</span> <span class='ocrx_word' id='word_1_83' title='bbox 883 1387 1088 1438; x_wconf 87' lang='lat' dir='ltr'>iungitur.</span> <span class='ocrx_word' id='word_1_84' title='bbox 1498 1409 1502 1412; x_wconf 83' lang='lat'><em>-</em></span> 
     </span>
    </p>

    <p class='ocr_par' dir='ltr' id='par_1_11' title="bbox 679 1443 1676 1496">
     <span class='ocr_line' id='line_1_19' title="bbox 679 1443 1676 1496; baseline -0.007 -5"><span class='ocrx_word' id='word_1_85' title='bbox 679 1450 719 1491; x_wconf 88' lang='lat' dir='ltr'>b.</span> <span class='ocrx_word' id='word_1_86' title='bbox 785 1449 895 1489; x_wconf 80' lang='lat' dir='ltr'>latus</span> <span class='ocrx_word' id='word_1_87' title='bbox 914 1448 1094 1488; x_wconf 85' lang='lat' dir='ltr'>interius</span> <span class='ocrx_word' id='word_1_88' title='bbox 1115 1472 1127 1494; x_wconf 88' lang='lat'>‚</span> <span class='ocrx_word' id='word_1_89' title='bbox 1162 1445 1231 1485; x_wconf 83' lang='lat' dir='ltr'>seu</span> <span class='ocrx_word' id='word_1_90' title='bbox 1257 1456 1279 1484; x_wconf 89' lang='lat' dir='ltr'>a</span> <span class='ocrx_word' id='word_1_91' title='bbox 1300 1443 1442 1496; x_wconf 85' lang='lat' dir='ltr'>digitis</span> <span class='ocrx_word' id='word_1_92' title='bbox 1469 1445 1676 1486; x_wconf 86' lang='lat' dir='ltr'>auersum.</span> 
     </span>
    </p>

    <p class='ocr_par' dir='ltr' id='par_1_12' title="bbox 678 1507 1829 1628">
     <span class='ocr_line' id='line_1_20' title="bbox 678 1507 1829 1565; baseline -0.002 -12"><span class='ocrx_word' id='word_1_93' title='bbox 678 1524 715 1553; x_wconf 90' lang='lat' dir='ltr'>c.</span> <span class='ocrx_word' id='word_1_94' title='bbox 785 1509 1118 1565; x_wconf 81' lang='lat' dir='ltr'>protuberantia</span> <span class='ocrx_word' id='word_1_95' title='bbox 1138 1507 1335 1549; x_wconf 83' lang='lat' dir='ltr'>anterior</span> <span class='ocrx_word' id='word_1_96' title='bbox 1353 1534 1366 1558; x_wconf 90' lang='lat'><em>‚</em></span> <span class='ocrx_word' id='word_1_97' title='bbox 1405 1507 1490 1548; x_wconf 74' lang='lat' dir='ltr'>siue</span> <span class='ocrx_word' id='word_1_98' title='bbox 1509 1509 1553 1550; x_wconf 89' lang='lat' dir='ltr'>in</span> <span class='ocrx_word' id='word_1_99' title='bbox 1573 1507 1703 1552; x_wconf 86' lang='lat' dir='ltr'>dorso</span> <span class='ocrx_word' id='word_1_100' title='bbox 1721 1521 1829 1551; x_wconf 90' lang='lat' dir='ltr'>con-</span> 
     </span>
     <span class='ocr_line' id='line_1_21' title="bbox 774 1575 930 1628; baseline 0 -13"><span class='ocrx_word' id='word_1_101' title='bbox 774 1575 930 1628; x_wconf 78' lang='lat' dir='ltr'>spicua.</span> 
     </span>
    </p>

    <p class='ocr_par' dir='ltr' id='par_1_13' title="bbox 682 1634 1628 1688">
     <span class='ocr_line' id='line_1_22' title="bbox 682 1634 1628 1688; baseline -0.005 -9"><span class='ocrx_word' id='word_1_102' title='bbox 682 1638 722 1679; x_wconf 88' lang='lat' dir='ltr'>d.</span> <span class='ocrx_word' id='word_1_103' title='bbox 793 1639 983 1680; x_wconf 85' lang='lat' dir='ltr'>tendinis</span> <span class='ocrx_word' id='word_1_104' title='bbox 1007 1635 1262 1679; x_wconf 85' lang='lat' dir='ltr'>Extensoris</span> <span class='ocrx_word' id='word_1_105' title='bbox 1288 1634 1444 1688; x_wconf 86' lang='lat' dir='ltr'>portio</span> <span class='ocrx_word' id='word_1_106' title='bbox 1471 1635 1628 1676; x_wconf 79' lang='lat' dir='ltr'>media.</span> 
     </span>
    </p>

    <p class='ocr_par' dir='ltr' id='par_1_14' title="bbox 684 1697 1827 1808">
     <span class='ocr_line' id='line_1_23' title="bbox 684 1697 1827 1744; baseline 0 -3"><span class='ocrx_word' id='word_1_107' title='bbox 684 1713 720 1741; x_wconf 71' lang='lat' dir='ltr'>e.</span> <span class='ocrx_word' id='word_1_108' title='bbox 790 1702 877 1742; x_wconf 89' lang='lat' dir='ltr'>eius</span> <span class='ocrx_word' id='word_1_109' title='bbox 903 1700 1087 1742; x_wconf 83' lang='lat' dir='ltr'>insertio</span> <span class='ocrx_word' id='word_1_110' title='bbox 1120 1699 1229 1744; x_wconf 84' lang='lat' dir='ltr'>infra</span> <span class='ocrx_word' id='word_1_111' title='bbox 1261 1698 1557 1742; x_wconf 86' lang='lat' dir='ltr'>decliuitatem</span> <span class='ocrx_word' id='word_1_112' title='bbox 1598 1697 1827 1743; x_wconf 84' lang='lat' dir='ltr'>lateralem</span> 
     </span>
     <span class='ocr_line' id='line_1_24' title="bbox 780 1765 1058 1808; baseline -0.007 0"><span class='ocrx_word' id='word_1_113' title='bbox 780 1765 1058 1808; x_wconf 79' lang='lat' dir='ltr'>interiorem.</span> 
     </span>
    </p>
   </div>
   <div class='ocr_carea' id='block_1_5' title="bbox 1703 2113 1824 2185">
    <p class='ocr_par' dir='ltr' id='par_1_15' title="bbox 1703 2113 1824 2185">
     <span class='ocr_line' id='line_1_25' title="bbox 1703 2113 1824 2185; baseline 0 0"><span class='ocrx_word' id='word_1_114' title='bbox 1703 2113 1709 2116; x_wconf 38' lang='lat'>⁸</span> <span class='ocrx_word' id='word_1_115' title='bbox 1752 2143 1824 2185; x_wconf 79' lang='lat' dir='ltr'>Li-</span> 
     </span>
    </p>
   </div>
  </div>
 </body>
</html>
