1976 2605
273 149 622 207 socffirarfi
658 146 1022 201 msnwm
1055 155 1143 205 em.
1307 175 1399 216 199

121 282 213 325 sunt
248 281 400 323 virtuti
425 277 515 319 tubi
551 274 787 330 capillatis:
836 286 925 318 tres
965 275 1156 331 reliquae
1191 276 1406 322 debentur

121 344 477 400 impedimentis,
518 353 624 396 quae
643 353 750 396 aqua
769 341 812 383 in
834 339 1075 384 transfluxu
1095 341 1117 382 a
1133 341 1176 383 D
1200 355 1330 397 vsque
1351 343 1406 385 ad

119 409 156 454 B
193 410 397 453 offendit.

251 475 322 517 Sic
352 472 483 526 igitur
509 469 817 522 experimenta
846 467 900 510 ad
928 467 1119 509 amuffim
1141 481 1237 510 cum
1270 469 1402 513 theoae

120 539 183 580 ria
210 538 492 580 conueniunt.
558 533 667 577 Inde
695 543 841 574 autem
872 544 963 573 non
994 531 1170 573 difficile
1193 534 1251 574 est
1275 548 1404 588 prae-

122 603 298 650 uidere‚
348 600 442 642 fieri
469 596 588 652 posse
615 608 660 638 vt
688 597 826 640 latera
853 595 1016 637 fistulae
1044 595 1277 638 nonsolum
1313 611 1404 642 non

124 675 380 718 premantur
410 662 549 705 versus
579 662 830 710 exteriora,
873 660 943 702 sed
963 672 1007 702 et
1029 671 1075 702 vt
1105 660 1248 702 versus
1271 673 1403 703 axem

124 728 283 770 fistulae
302 728 536 770 introrsum
556 726 937 779 comprimantur:
980 725 1031 768 Id
1051 736 1198 767 autem
1221 725 1403 768 edoctus

120 793 209 834 sum
228 791 313 832 hoc
335 792 422 832 alio
444 793 779 843 experimento.

242 853 576 910 Experimentum
607 866 649 906 5.
717 854 843 896 Loco
863 852 954 894 tubi
974 853 1201 906 cylindrici
1221 854 1299 897 AB
1329 853 1403 894 ad·

119 919 236 961 hibui
256 921 483 971 conicum,
520 921 634 960 cuius
655 917 875 960 orificium
897 928 1133 959 externum
1155 928 1247 960 erat
1268 918 1404 959 maius

117 981 294 1024 orificio
314 985 521 1031 interno,
564 983 770 1037 simulque
791 982 882 1023 vsus
913 981 1001 1022 sum
1023 983 1130 1023 tubo
1159 983 1306 1023 vitreo
1335 981 1401 1022 in-

117 1058 326 1098 curuato,
366 1047 537 1100 qualem
573 1047 763 1088 ostendit
800 1045 934 1099 figura
961 1066 1005 1102 4.
1073 1046 1130 1087 Et
1164 1058 1263 1086 cum
1299 1055 1400 1087 ante

116 1109 306 1160 fluxum,
347 1123 451 1163 aqua
476 1110 611 1150 haesit
637 1112 682 1151 in
711 1109 817 1151 tubo
845 1111 993 1150 vitreo
1016 1110 1060 1150 in
1079 1121 1105 1150 n
1123 1135 1136 1160 ‚
1174 1108 1398 1152 descendit

112 1172 158 1214 in
189 1173 349 1215 eodem
380 1175 486 1216 tubo
513 1186 618 1228 aqua
646 1186 777 1229 vsque
802 1175 845 1215 in
864 1185 919 1227 g,
960 1184 1056 1214 cum
1085 1185 1217 1227 aquae
1248 1172 1398 1215 efflue·

115 1247 214 1276 rent
242 1250 319 1289 per
349 1238 500 1277 tubum
529 1238 764 1288 conicum,
814 1237 979 1290 fuitque
1010 1239 1259 1290 punsttlmg
1288 1236 1399 1280 infra

114 1298 178 1340 D:
227 1299 391 1351 indicio
417 1299 713 1352 compressum
740 1299 860 1340 fuisse
888 1300 1072 1341 durante
1099 1300 1218 1342 fluxu
1246 1300 1398 1343 tubum

117 1361 335 1402 conicum.
395 1362 463 1404 Sic
485 1362 548 1403 his
568 1374 715 1403 autem
737 1362 893 1404 casibus
909 1363 1230 1416 impedimenta
1248 1376 1400 1407 motus

118 1425 209 1466 sunt
237 1424 412 1478 insignia
432 1451 444 1474 ,
493 1436 599 1477 quae
629 1424 787 1465 faciunt
818 1435 865 1465 vt
895 1425 1157 1466 velocitates
1183 1439 1315 1480 aquae
1351 1430 1396 1471 in

117 1487 291 1531 orificio
311 1500 502 1530 externo
521 1487 762 1530 admodum
783 1488 981 1530 minores
1000 1488 1081 1531 ssnt
1097 1517 1110 1540 ,
1133 1502 1260 1544 quam
1285 1505 1394 1546 quae

113 1553 381 1607 respondent
406 1551 628 1595 altitudini
655 1563 809 1607 aquae:
848 1551 1042 1608 hancque
1074 1554 1130 1595 ob
1164 1555 1393 1598 rationem

114 1617 301 1659 altitudo
328 1618 471 1671 puncti
495 1616 537 1658 D
564 1616 728 1671 suprag
751 1626 872 1658 tanta
901 1631 992 1660 non
1012 1617 1089 1660 fuit
1111 1629 1270 1674 quanta
1292 1620 1395 1663 alias

116 1678 255 1722 futura
274 1681 432 1723 fuiffet:
470 1680 547 1723 fuit
570 1692 720 1722 tamen
741 1681 892 1735 aliqua.

245 1743 439 1788 Similem
470 1745 671 1788 effectum
697 1745 787 1788 alio
815 1746 987 1787 obtinui
1013 1747 1181 1798 mod0,
1222 1747 1291 1788 sed
1314 1748 1389 1789 ad·

115 1806 298 1850 modum
323 1809 661 1863 notabiliorem3
695 1811 1053 1864 experimentum
1080 1811 1168 1852 hoc
1199 1812 1388 1855 alterum

114 1871 386 1927 subsequente
409 1887 526 1916 anno
553 1887 707 1917 coram
733 1877 1010 1919 Academicis
1036 1876 1222 1928 institui3
1259 1889 1388 1930 prae·

114 1935 232 1978 sente
255 1936 527 1980 Sereniffimo
547 1939 824 1993 Portugaliae
851 1941 1051 1994 Principe
1076 1938 1301 1982 Emanuele.

1442 1048 1508 1087 fig.
1530 1054 1565 1088 4

239 1998 565 2057 Experimentum
603 2008 647 2044 6.
726 2004 777 2046 In
820 2003 957 2057 figura
1002 2018 1043 2056 5.
1082 2005 1385 2059 repraesentat
1430 2021 1498 2060 rig.
1529 2025 1556 2060 5.

110 2063 266 2107 ΑΕΚ-’Β
294 2066 560 2119 cylindrum,
602 2069 645 2109 in
669 2069 786 2110 cuius
812 2068 946 2110 fundo
978 2068 1264 2123 implantatus
1290 2080 1385 2112 crat

111 2128 234 2172 tubus
252 2132 430 2176 conicus
445 2130 644 2188 DGHE3
678 2132 832 2190 hicque
851 2133 905 2178 ad
921 2135 1033 2179 latus
1056 2135 1204 2178 habuit
1225 2146 1383 2237 papnu-

1307 2208 1383 2240 um
