1976 2605
271 187 581 240 PUNCTUM
614 183 960 238 POSITIONE
993 182 1239 231 DATUM
1273 185 1359 234 &a
1402 206 1458 241 μ

187 338 272 380 pro
293 325 357 365 his
375 322 516 364 curvis
537 321 656 362 dedit
680 310 1308 374 aequationemy:.2*.:r—.r.i·'².
1381 318 1466 360 Sed

187 392 229 431 in
261 395 592 442 programmate
619 384 735 437 quod
765 384 943 423 ineunte
969 395 1086 422 anno
1114 387 1240 433 1697
1263 382 1462 426 Grouiu-

186 466 266 507 gae
294 452 457 500 edidit,
498 461 585 502 quo
611 447 881 489 Geometras
910 446 962 485 ad
988 446 1254 486 solutionem
1285 448 1465 500 proble-

187 518 315 558 matis
337 518 388 556 de
413 514 556 556 Curva
574 510 793 552 celerrimi
814 509 1031 549 descensus
1062 510 1326 551 invenienda
1352 511 1464 552 invi-

187 582 330 630 tabat,
374 576 598 632 problema
639 573 771 627 paulo
801 573 1045 639 generaQs
1077 573 1336 625 proposuit,
1380 588 1462 628 po-

188 652 379 693 stulando
398 660 560 696 curvas,
580 647 622 686 in
638 634 1060 701 qiiibus'hL—C'0-z-EB0
1087 645 1238 698 ubique
1260 647 1461 687 constan-

190 727 278 755 tem
298 716 505 755 summam
538 710 712 752 efficere
743 710 886 750 debet.
955 705 1085 763 Hujus
1114 709 1356 751 solutiones
1385 724 1461 753 ex-

182 777 408 817 hibuerunt
435 775 707 819 Geometrae
735 774 846 814 illius
879 775 973 813 aevi
1003 773 1268 816 lllustriffimi
1295 773 1461 816 Leiban-

178 840 255 880 tius
277 867 288 889 ‚
332 838 430 891 Jac.
466 837 697 890 Bernoulle‘,
744 833 943 878 Man-hio
977 833 1225 891 Hospitalius
1256 866 1267 889 ‚
1333 850 1460 894 atque

179 901 421 945 Newtonus.
502 902 746 944 Videantur
784 903 892 943 Aeta
931 901 1101 943 Erudit.
1141 908 1284 954 1697.
1320 903 1458 945 Meus.

183 964 280 1020 maj.
350 967 435 1009 Sed
478 967 615 1008 nullus
660 979 816 1007 eorum
859 965 1088 1007 solutionis
1130 968 1224 1008 suae
1269 967 1460 1021 analysin

180 1031 329 1072 edidit.

303 1144 424 1188 V111.
495 1147 642 1187 Primo
667 1146 823 1188 iutuitu
850 1145 1055 1187 videntur
1074 1144 1179 1185 haec
1202 1145 1456 1199 problema·
1492 1167 1559 1206 με,
1588 1175 1619 1206 ³·

178 1217 219 1247 ta
241 1207 443 1249 facillima
462 1221 505 1250 et
529 1221 698 1251 tanturn
726 1224 813 1250 uon
835 1211 1000 1252 ludicra
1021 1209 1131 1259 css‘e3
1161 1210 1313 1264 ecquid
1335 1210 1454 1250 euim

177 1269 338 1312 facilius
365 1274 447 1322 est,
483 1287 610 1327 quam
634 1285 678 1314 ut
708 1276 751 1317 iu
776 1274 874 1316 data
896 1287 1024 1313 curva
1045 1273 1166 1314 ABH
1189 1274 1308 1313 dueta
1331 1274 1455 1312 inde-

177 1332 302 1370 finite
326 1346 402 1381 per
426 1336 631 1382 punctum
663 1335 810 1372 datum
838 1335 876 1373 E
917 1335 1032 1373 reeta
1058 1334 1199 1383 EBC,
1241 1337 1286 1374 in
1318 1347 1365 1376 ea
1387 1337 1455 1377 in-

177 1394 326 1432 venire
358 1391 483 1444 possit
513 1395 720 1442 punctum
752 1394 787 1433 C
811 1394 928 1440 tale,
986 1404 1031 1431 ut
1053 1405 1149 1431 tota
1179 1398 1255 1436 EC
1287 1400 1338 1436 ad
1369 1396 1455 1450 ejus

175 1465 347 1507 partem
367 1453 439 1494 ΕΒ
460 1453 728 1493 relationem
760 1465 844 1506 pro
865 1453 989 1494 libitu
1011 1453 1257 1508 assignatam
1281 1457 1451 1501 habeat.

172 1516 302 1558 Ultro
335 1515 475 1557 sateor
509 1515 615 1557 nihil
646 1516 728 1558 effe
759 1516 846 1558 hoc
877 1517 1062 1569 facilius,
1103 1519 1173 1561 sed
1201 1534 1291 1562 non
1324 1524 1380 1565 est
1410 1525 1452 1566 id

172 1579 224 1620 de
251 1592 338 1633 qvo
369 1583 524 1634 agitur.
603 1581 748 1624 Curva
780 1582 898 1633 enirm
932 1582 1052 1627 ABH
1084 1597 1172 1626 non
1205 1586 1331 1627 debet
1368 1587 1450 1630 effe

170 1643 284 1693 data,
306 1643 375 1684 sed
396 1644 452 1684 est
477 1656 524 1685 ea
549 1657 654 1699 quae
676 1646 915 1701 quaeritur:
957 1660 1055 1687 nam
1079 1647 1106 1688 fi
1126 1650 1244 1692 ABH
1271 1653 1325 1692 est
1350 1652 1448 1707 data

168 1717 211 1747 et
249 1720 326 1761 per
362 1708 733 1752 constructionem
773 1710 1023 1763 expositam
1058 1713 1280 1756 invenitur
1310 1717 1449 1758 altera

166 1770 316 1820 HCD,
358 1785 446 1813 non
477 1773 663 1827 sequitur
690 1776 805 1829 quod
833 1774 938 1816 haec
963 1774 1101 1816 altera
1130 1769 1227 1831 pars
1254 1779 1303 1819 sit
1336 1792 1446 1820 con-

167 1834 356 1876 tinuatio
395 1837 566 1889 primae
610 1839 731 1882 ABH
760 1867 770 1888 ,
834 1840 894 1880 ita
940 1850 986 1881 ut
1031 1844 1250 1896 utriusque
1292 1854 1445 1885 nutura

167 1909 245 1950 per
263 1912 388 1939 unam
412 1902 680 1957 eandemque
703 1904 1011 1957 aequationem
1032 1906 1217 1947 loculen*
1242 1919 1442 1960 expona-

167 1971 259 2010 tur,
299 1963 367 2003 sed
387 1963 477 2005 fere
501 1964 672 2019 semper
700 1979 857 2008 curvae
885 1969 1120 2011 anterioris
1141 1971 1261 2013 ABH
1287 1984 1440 2026 aequa-

165 2025 231 2064 tio
258 2026 419 2069 diversa
447 2028 551 2068 esset
581 2030 630 2070 ab
656 2042 704 2070 ea
733 2041 840 2085 quae
862 2042 1068 2074 naturam
1088 2047 1244 2076 curvae
1263 2035 1442 2077 alterius

165 2090 393 2142 exprimit,
415 2105 504 2134 uno
526 2095 664 2135 verbo
685 2104 731 2135 ut
750 2109 842 2137 rem
864 2096 1122 2150 expediam,
1144 2112 1299 2141 curvae
1321 2101 1439 2143 ABH

163 2163 204 2193 et
221 2153 501 2260 ΙΞΕΗῘΙῘῘΫΜ
524 2157 712 2201 diversae
727 2188 739 2211 ,
780 2171 824 2202 et
845 2174 1110 2216 quaeruntur
1130 2177 1286 2207 curvae
1307 2164 1435 2208 AHD

271 2231 341 2258 om.
437 2251 446 2261 .
816 2225 846 2266 F
1393 2228 1432 2266 ei
