1976 2605
521 182 982 236 MUSCULORUM
1349 207 1442 247 243

169 310 251 356 effe
280 311 386 356 nihii
420 310 562 366 poss‘it.
635 311 786 364 Neque
820 337 830 359 ,
869 309 990 364 quod
1023 306 1234 362 Duglasio
1274 321 1448 364 regera-

166 391 283 428 mus,
301 379 483 419 multum
507 376 725 416 habemus.
758 372 1448 425 Inhocsolofallimihividetur,

166 445 286 498 quod
306 446 440 498 primo
483 440 713 483 tendincm
772 438 955 491 longum
1004 439 1049 476 in
1097 437 1452 491 supplementum

166 508 424 551 Extensoris
461 502 678 555 deficientis
709 502 857 542 datum
889 500 972 541 effe
1005 512 1131 553 putet
1154 527 1165 549 ‚
1206 504 1324 554 quod
1359 515 1453 544 tam

169 585 228 614 ex
259 570 480 615 Columbo
520 564 557 611 §.
593 582 665 608 12.
697 578 825 620 quam
857 578 915 606 cx
947 565 1102 605 nostris
1131 564 1455 609 observationi-

169 636 243 676 bus
272 638 398 678 aliter
428 633 510 674 effe
543 627 579 674 §.
614 646 687 676 11·
719 631 972 680 innuimus·‚
1008 628 1144 671 deinde
1175 656 1185 679 ,
1228 631 1346 684 quod
1377 633 1451 671 du·

168 700 330 755 plicem
367 698 592 741 tendinem
642 696 804 737 tribuat
839 694 1034 737 musculis
1071 694 1312 744 omnibus,
1354 707 1453 736 cum

167 774 319 806 tamen
344 764 389 804 id
415 763 468 802 de
500 762 707 816 aliquibus
731 770 904 802 tantum
939 772 1089 801 verum
1119 758 1203 800 effe
1240 759 1456 800 scetiones

163 829 383 882 repetitae
410 827 639 869 testentur.
707 826 896 885 Quinam
928 833 1075 864 autem
1097 824 1205 864 tales
1225 823 1333 873 sint,
1377 836 1455 864 an·

167 902 343 947 tequam
371 893 753 940 determinemus,
794 890 849 932 de
878 900 1065 930 numero
1100 899 1227 944 atque
1248 887 1454 929 insertio-

165 969 223 999 ne
251 958 431 998 illorum
461 957 546 999 erit
577 955 912 1008 dispiciendum.
981 954 1270 1010 Quapropter
1293 979 1306 1002 ,
1334 966 1453 1003 cum,

165 1032 216 1062 vt
244 1020 453 1075 historiam
505 1017 812 1075 Interoffeorum
847 1017 917 1058 hic
954 1018 1204 1058 intexamus
1232 1044 1244 1067 ‚
1296 1029 1455 1058 omnes

165 1079 522 1137 Anatomicisesc
549 1084 729 1124 illorum
762 1082 967 1122 haetenus
1005 1082 1255 1120 memoriae
1298 1081 1454 1133 prodi·

169 1149 315 1188 derint
345 1174 358 1195 ‚
401 1147 706 1190 C¹.Heistcrus
749 1155 894 1186 autem
934 1145 977 1185 in
1013 1140 1219 1200 Compend.
1258 1143 1453 1186 Anatom.

167 1209 274 1252 Not.
305 1223 382 1263 74.
417 1224 473 1252 ex
496 1211 817 1253 Stockliusianis
841 1209 1217 1251 observationibus
1238 1209 1455 1250 senarium

168 1274 302 1314 tribus
333 1286 511 1326 augeat:
553 1289 704 1316 neutra
729 1275 941 1314 sententia
965 1274 1170 1313 damnata
1192 1300 1204 1320 ‚
1242 1274 1341 1326 quid
1364 1275 1452 1315 cul·

172 1347 247 1377 tro
278 1348 381 1376 meo
409 1339 637 1382 multoties
665 1338 853 1378 studiose
883 1329 1163 1379 huc'directo
1187 1339 1451 1390 occurrerit,

174 1399 428 1454 simpliciter
454 1402 654 1442 narrabo.

301 1540 337 1587 §.
383 1557 454 1602 14.
555 1542 723 1584 Verum
762 1544 938 1598 quidem
973 1545 1062 1595 est,
1103 1544 1147 1584 in
1169 1542 1272 1585 vola
1299 1555 1452 1585 manus

175 1608 428 1664 plerumque
452 1607 525 1650 sex
556 1608 1021 1651 distine'tosmusculos
1042 1608 1454 1663 interoffeos(quos

172 1673 370 1715 internos
407 1673 630 1724 dicemus)
667 1687 883 1728 apparere
917 1703 926 1725 ,
970 1674 997 1716 si
1032 1675 1090 1716 ita
1128 1676 1239 1714 nude
1282 1686 1325 1714 et
1362 1673 1452 1714 fine

176 1737 377 1778 v1teriori
405 1741 746 1792 praeparatione
779 1740 1069 1794 aspiciuntur:
1090 1751 1270 1787 verum,
1295 1737 1323 1779 si
1347 1750 1452 1792 pau-

175 1801 222 1842 lo
267 1801 514 1856 profundius
559 1803 618 1844 illi
667 1804 984 1859 investigantur
1025 1831 1036 1855 ,
1095 1801 1403 1857 deprehendes
1441 1818 1451 1844 ε

174 1865 268 1909 Esse
304 1866 403 1908 1¹³⁰.
436 1866 695 1925 Interoffeum
737 1869 914 1925 primum
967 1871 1163 1910 internum
1197 1896 1207 1917 ,
1256 1868 1324 1921 qui
1361 1867 1449 1909 alio

178 1931 464 1974 fascicularum
495 1945 680 1975 numero
706 1946 727 1975 a
754 1934 949 1988 condylo
982 1933 1077 1975 ossis
1105 1932 1348 1985 metae-arpi
1384 1933 1450 1973 in·

179 1998 312 2044 dicis,
354 1997 438 2037 :ilio
467 2010 611 2038 autem
643 2012 664 2039 a
694 1999 890 2053 condylo
920 1998 1014 2039 offis
1044 1995 1287 2050 metacarpi
1308 1995 1450 2039 Medii

178 2061 375 2111 oriatur,
416 2073 537 2115 atque
568 2063 607 2102 in
629 2063 729 2103 vola
751 2065 916 2116 magis,
959 2065 999 2105 in
1021 2063 1155 2102 dorso
1179 2063 1317 2102 minus
1338 2073 1448 2102 con-

178 2125 338 2178 spicuus
369 2126 546 2168 tendine
566 2127 726 2181 duplici
755 2126 866 2182 longo
897 2140 940 2170 et
974 2127 1056 2168 lalo
1084 2129 1126 2167 in
1159 2126 1313 2167 indicis
1341 2125 1450 2167 latus

173 2198 388 2233 arternum
423 2195 551 2240 (nam
584 2191 718 2235 latera
740 2192 981 2245 digitorum
1004 2194 1164 2233 interna
1184 2191 1355 2235 vocabo
1376 2191 1447 2230 illa

709 2260 748 2299 H
780 2258 806 2298 h
837 2273 860 2299 2
1338 2266 1444 2308 quae
