1976 2605
202 156 758 212 CONSTRUCTIONIS
796 156 1158 210 METHODUS
1187 169 1276 217 &a
1321 187 1414 228 ως

265 279 303 328 9.
347 296 422 324 11.
490 279 716 324 Versatilis
745 291 840 324 erat
863 283 1005 325 tabula
1027 294 1071 326 et
1094 287 1163 328 axi
1186 290 1428 342 perpendi·

133 346 266 390 culari
307 346 529 402 praedita,
569 358 678 402 quae
717 347 838 387 versa
880 349 1009 390 aliam
1040 360 1084 389 et
1115 350 1302 393 similem
1338 353 1428 395 fere

133 411 368 455 exhibebat
400 410 584 464 figuram
624 410 701 451 nisi
729 412 846 466 quod
878 414 984 454 loco
1018 413 1215 466 effigiei,
1265 419 1427 471 Aquila

133 477 296 531 biceps,
338 475 509 529 Insigne
531 474 721 529 Magnae
743 475 937 526 Ruffiae,
981 476 1085 517 esset
1111 481 1248 530 picti,
1297 481 1425 522 flori·
1460 529 1463 532 ‚

132 542 206 583 bus
227 541 367 583 cineta
394 550 477 582 etc.
547 538 709 593 clypei
729 540 781 581 ad
805 540 988 592 angulos
1024 542 1270 596 superiores
1293 547 1425 600 positi

137 605 398 646 continebat
419 604 672 659 sequentem
695 603 1066 660 inscriptionem.

137 686 224 729 Vni
246 685 499 737 inscriptum
520 693 635 725 erat:

347 743 818 806 FORTUNAE
860 742 1197 806 RUSSIAE

556 833 979 876 IMPERANTE

129 890 792 967 CATHARINA
864 892 1326 968 SAPIEN'I
1337 897 1418 982 E,

622 976 762 1014 FLOR.
771 976 912 1018 ssNTI

122 1121 182 1163 AI
262 1124 268 1130 1
399 1066 759 1107 CONSTANTER.
771 1029 1140 1115 TDURATURAE,

188 1131 293 1163 teri:

214 1182 480 1244 FESTO
515 1182 756 1244 SACRI
788 1182 1062 1246 NOMIN
1071 1184 1131 1245 IS
1166 1183 1308 1246 DIE

678 1271 847 1312 VOTO

726 1330 775 1360 PE
783 1331 811 1360 R

382 1368 804 1407 ANAMORPHOSIN
845 1368 1154 1410 CONSPICUO

644 1421 884 1450 Al‘PLAuoiT

285 1463 611 1507 ACADEMIA
654 1463 716 1504 St.
755 1463 1248 1508 PETROPOLITANA

519 1521 666 1559 ANNO
697 1521 1006 1563 MDCCXXVI.

125 1580 317 1623 Chartae
343 1579 515 1619 volanti
536 1577 710 1619 inferius
734 1580 873 1632 pistae
897 1579 1152 1633 inscriptum
1177 1590 1289 1621 erat:

124 1642 388 1687 FLORENS
417 1642 804 1686 CONSPECTUS
835 1642 1069 1686 IMPERII
1099 1644 1408 1688 RUTENICI.

126 1708 202 1749 Per
228 1708 490 1759 Polyedrum
518 1719 630 1748 vero
657 1708 745 1748 visa
774 1707 983 1762 prodibat
1015 1707 1155 1748 tabula
1185 1709 1277 1748 alba
1301 1736 1311 1758 ,
1361 1710 1406 1750 in

125 1783 205 1826 qua
234 1771 424 1813 VIVAT
451 1782 543 1813 erat
581 1772 855 1826 expressum,
897 1772 1083 1813 caeteris
1117 1773 1279 1815 cunetis
1314 1773 1402 1813 ite-

124 1848 219 1878 rum
243 1835 322 1877 sese
343 1836 672 1877 occultantibus,

253 1895 288 1942 §.
332 1913 402 1941 12.
468 1902 583 1943 Haec
605 1902 657 1942 ad
687 1901 877 1943 formam
907 1910 1137 1942 externam
1171 1899 1401 1943 machinae

124 1965 454 2016 exprimendam
475 1965 716 2016 faciebant,
747 1968 967 2008 internam
989 1964 1266 2007 artificialem
1290 1978 1403 2007 nunc

127 2030 261 2068 etiam
293 2029 537 2082 explicabo,

232 2087 267 2134 §.
297 2107 313 2133 1
330 2108 372 2144 3,
407 2093 614 2146 Polyedri
637 2093 961 2134 semidiameter
982 2104 1075 2135 erat
1103 2108 1120 2134 1
1141 2093 1228 2147 dig.
1249 2093 1396 2154 7}lin.

120 2157 221 2201 Eius
240 2156 442 2200 craffities
463 2169 490 2210 7
511 2158 739 2202 linearum.
806 2158 1040 2201 Eleuatum
1059 2160 1170 2201 latus
1190 2160 1394 2201 contine-

706 2223 778 2267 Cc
805 2237 832 2277 3
1322 2223 1397 2264 bat
