1976 2605
533 124 627 165 126
845 115 934 162 DE
967 115 1128 162 LUCE
1161 111 1446 165 BOREALI.

531 252 625 279 rem
659 236 800 278 multo
832 237 956 277 aliter
989 236 1025 275 se
1055 235 1212 275 habere
1236 246 1292 273 ex
1313 233 1473 272 duobus
1496 234 1799 286 praecedenti-

529 303 602 342 bus
624 301 812 342 articulis
833 310 986 351 aperte
1009 298 1186 338 constat.
1245 296 1447 348 Suspicor
1468 308 1598 349 aeque
1627 311 1800 350 tri-agnas

530 366 653 418 poss'e
684 363 905 402 interdum
936 362 1020 409 esse
1045 389 1056 411 ‚
1107 360 1388 402 refraCtiones
1418 360 1699 409 azimutales‚
1752 375 1800 402 ac

528 428 619 467 sunt
643 425 919 467 altitudinum
943 425 1253 466 refraetiones:
1318 424 1388 466 De
1422 423 1698 464 altitudinum
1730 438 1800 465 re·

530 490 808 532 fraecionibus
829 490 970 529 iudico
993 490 1132 529 versus
1151 485 1324 542 diuetfccs
1341 487 1482 542 plagas
1505 489 1636 529 eti-am
1660 490 1801 528 diuer-

531 554 592 595 sas
624 553 705 594 effe
737 553 856 605 posse
889 553 1049 593 eodem
1082 563 1315 605 tempore,
1360 554 1414 592 ob
1444 554 1552 593 'aiei-is
1581 552 1799 604 superfici-

532 629 601 657 em
627 617 766 657 versus
789 617 970 657 diuersas
992 616 1135 671 plag-„is
1163 617 1325 657 diuerso
1347 629 1368 657 a
1390 626 1545 656 centro
1568 627 1712 657 terrae
1732 626 1801 655 rc-

531 692 717 722 motam.
787 681 927 722 Paucis
949 679 1053 720 haee
1077 691 1120 720 et
1146 681 1288 720 obiter
1310 693 1489 732 tangere
1511 681 1646 721 volui.

669 759 743 796 13.
819 742 1008 784 Tertium
1065 745 1182 797 quod
1227 745 1431 786 addudiae
1480 743 1804 785 obseruationes

531 809 776 861 praestant,
818 809 898 857 est,
931 809 1048 861 quod
1070 809 1290 849 theoriam
1317 822 1461 849 meam
1485 809 1535 848 de
1556 808 1649 847 luce
1671 808 1802 846 bore-

532 870 585 910 ali
617 871 783 912 firmius
814 872 1038 913 stabiliant.
1115 872 1221 914 Dixi
1250 874 1292 912 in
1325 885 1427 912 meo
1459 873 1604 925 primo
1635 871 1801 922 scripto

532 936 631 974 duas
654 934 757 974 lucis
776 935 964 975 borealis
986 936 1146 989 species
1169 936 1427 988 esst-,eamque
1449 935 1584 986 reipsa
1608 946 1698 973 non
1722 932 1802 972 dif-

533 996 660 1046 ferre,
683 998 750 1038 sed
782 1000 876 1038 solo
908 999 1212 1040 nubecularum
1236 998 1471 1039 lucidarum
1498 997 1571 1037 situ
1597 996 1706 1036 effici
1729 996 1802 1034 du-

531 1060 691 1113 plicem
734 1062 1063 1112 apparentiam,
1117 1072 1160 1101 et
1187 1064 1419 1113 quomodo
1449 1061 1684 1107 efficiatur,
1728 1071 1803 1099 ex·

533 1123 692 1176 plicaui
722 1124 880 1163 ibidem
910 1119 945 1166 §.
972 1137 1045 1174 19.
1078 1125 1163 1163 iam
1193 1123 1219 1162 fi
1248 1124 1337 1176 quis
1369 1124 1566 1164 attendat
1591 1124 1640 1161 ad
1671 1120 1804 1172 phae-

534 1197 728 1225 nomena
749 1186 792 1225 in
814 1181 848 1227 §.
873 1191 915 1225 6.
941 1185 1058 1226 huius
1089 1187 1236 1237 scripti
1259 1187 1485 1234 recensita,
1509 1196 1660 1236 aperte
1682 1184 1802 1223 vide-

533 1248 617 1300 bit,
655 1249 773 1303 quod
802 1261 886 1289 vna
918 1248 1078 1301 species
1108 1249 1151 1287 in
1186 1249 1365 1287 alteram
1398 1246 1667 1293 transsucent,
1709 1245 1805 1285 solo

532 1324 664 1353 motu
697 1313 907 1353 materiae
935 1311 1123 1360 lucidae,
1164 1323 1251 1363 quo
1274 1312 1323 1350 ad
1345 1312 1557 1352 verticem
1581 1308 1804 1359 tendebat,

532 1376 650 1427 quod
696 1375 869 1427 quidem
918 1373 1207 1425 explicationi
1255 1374 1306 1412 acl
1351 1373 1538 1412 amuffim
1587 1373 1805 1426 congruit.

534 1439 700 1486 Porro,
741 1437 882 1477 trabes
912 1428 1001 1476 non
1024 1435 1097 1476 nisi
1127 1435 1267 1474 lucem
1297 1435 1508 1475 reflexam
1538 1436 1621 1474 effe
1652 1447 1806 1487 aperte

536 1500 704 1541 constat
736 1513 791 1543 ex
816 1500 976 1539 eodem
1000 1498 1211 1547 articulo,
1252 1499 1294 1537 in
1314 1512 1398 1552 quo
1421 1499 1487 1538 sub
1508 1499 1641 1538 finem
1665 1499 1806 1539 trabes

537 1564 835 1616 allegantnrin
849 1563 970 1604 frusta
991 1563 1359 1618 festaeQuicnim
1382 1562 1464 1603 hoc
1489 1563 1625 1603 modo
1647 1562 1804 1602 discer-

537 1628 582 1680 pi
607 1626 745 1680 poffet
774 1630 884 1680 ignis
911 1629 1002 1668 :icstu
1033 1622 1243 1667 existens?-
1310 1627 1545 1670 Caeterum
1579 1640 1656 1678 per
1686 1626 1808 1666 hasce

538 1691 867 1732 obseruationes
886 1691 1173 1732 confirmatur
1190 1691 1307 1742 quod
1328 1691 1368 1729 in
1392 1692 1539 1743 primo
1561 1690 1723 1742 scripto
1753 1690 1804 1730 de

536 1765 677 1795 vento
700 1756 874 1805 notaui,
909 1768 1068 1807 nempe
1091 1754 1320 1807 superioris
1341 1765 1382 1793 et
1411 1754 1629 1794 inferioris
1658 1753 1802 1805 regio·

541 1830 642 1858 num
664 1830 840 1869 ventos,
881 1820 921 1859 in
942 1820 1180 1860 contrarias
1200 1819 1361 1872 spirare
1382 1817 1550 1871 plagas,
1574 1816 1802 1858 conseram

539 1892 609 1922 tur
632 1877 666 1925 §.
693 1897 736 1934 3.
761 1894 803 1923 et
831 1879 866 1926 ἒ.
893 1896 933 1933 5.

672 1960 742 2003 14.
810 1943 983 2004 Quarta
999 1945 1186 2000 conclufio
1207 1946 1264 1986 est
1281 1973 1292 1995 ‚
1335 1946 1452 1999 quod
1475 1946 1692 1987 interdum
1718 1944 1802 1983 duo

541 2006 704 2048 lucidae
734 2011 942 2051 materiae
972 2011 1096 2052 strata
1126 2011 1331 2057 existant,
1372 2023 1556 2062 quorum
1585 2022 1715 2051 vnum
1743 2006 1803 2047 al·

545 2072 630 2112 teri
656 2072 859 2116 imminet
881 2100 894 2127 ,
958 2075 1020 2116 ita
1044 2084 1092 2118 vt
1121 2072 1351 2116 nubeculae
1380 2072 1546 2116 lucidae
1576 2071 1806 2129 superioris
1869 2083 1871 2085 ·

1702 2134 1803 2176 stra·-
