<?xml version="1.0" encoding="UTF-8"?>
<!DOCTYPE html PUBLIC "-//W3C//DTD XHTML 1.0 Transitional//EN"
    "http://www.w3.org/TR/xhtml1/DTD/xhtml1-transitional.dtd">
<html xmlns="http://www.w3.org/1999/xhtml" xml:lang="en" lang="en">
 <head>
  <title>
</title>
<meta http-equiv="Content-Type" content="text/html;charset=utf-8" />
  <meta name='ocr-system' content='tesseract 3.04.00' />
  <meta name='ocr-capabilities' content='ocr_page ocr_carea ocr_par ocr_line ocrx_word'/>
</head>
<body>
  <div class='ocr_page' id='page_1' title='image "./commentariiacade04impe/commentariiacade04impe_0257.png"; bbox 0 0 1976 2605; ppageno 0'>
   <div class='ocr_carea' id='block_1_1' title="bbox 516 184 1429 250">
    <p class='ocr_par' dir='ltr' id='par_1_1' title="bbox 516 184 1429 250">
     <span class='ocr_line' id='line_1_1' title="bbox 516 184 1429 250; baseline 0 -12"><span class='ocrx_word' id='word_1_1' title='bbox 516 184 982 238; x_wconf 74' lang='lat' dir='ltr'>MtichLonM</span> <span class='ocrx_word' id='word_1_2' title='bbox 1338 208 1429 250; x_wconf 71' lang='lat'>24,</span> 
     </span>
    </p>
   </div>
   <div class='ocr_carea' id='block_1_2' title="bbox 141 310 1461 2299">
    <p class='ocr_par' dir='ltr' id='par_1_2' title="bbox 148 310 1441 759">
     <span class='ocr_line' id='line_1_2' title="bbox 148 310 1436 376; baseline -0.005 -14"><span class='ocrx_word' id='word_1_3' title='bbox 148 316 385 376; x_wconf 78' lang='lat' dir='ltr'>aeponevrofi</span> <span class='ocrx_word' id='word_1_4' title='bbox 417 329 463 357; x_wconf 85' lang='lat' dir='ltr'>ac</span> <span class='ocrx_word' id='word_1_5' title='bbox 511 313 665 355; x_wconf 80' lang='lat' dir='ltr'>tendine</span> <span class='ocrx_word' id='word_1_6' title='bbox 691 311 806 367; x_wconf 87' lang='lat' dir='ltr'>longo</span> <span class='ocrx_word' id='word_1_7' title='bbox 851 312 1036 366; x_wconf 83' lang='lat' dir='ltr'>gaudeat</span> <span class='ocrx_word' id='word_1_8' title='bbox 1081 310 1134 353; x_wconf 88' lang='lat' dir='ltr'>ad</span> <span class='ocrx_word' id='word_1_9' title='bbox 1179 313 1436 370; x_wconf 74' lang='lat' dir='ltr'>annularem</span> 
     </span>
     <span class='ocr_line' id='line_1_3' title="bbox 151 372 1440 439; baseline -0.005 -13"><span class='ocrx_word' id='word_1_10' title='bbox 151 386 420 439; x_wconf 79' lang='lat' dir='ltr'>pertinente.</span> <span class='ocrx_word' id='word_1_11' title='bbox 451 381 545 423; x_wconf 83' lang='lat' dir='ltr'>Effe</span> <span class='ocrx_word' id='word_1_12' title='bbox 572 377 727 420; x_wconf 65' lang='lat' dir='ltr'>Vluvo</span> <span class='ocrx_word' id='word_1_13' title='bbox 753 375 1015 433; x_wconf 79' lang='lat' dir='ltr'>Interoffeum</span> <span class='ocrx_word' id='word_1_14' title='bbox 1040 372 1206 432; x_wconf 79' lang='lat' dir='ltr'>sextum</span> <span class='ocrx_word' id='word_1_15' title='bbox 1240 378 1440 419; x_wconf 76' lang='lat' dir='ltr'>internum</span> 
     </span>
     <span class='ocr_line' id='line_1_4' title="bbox 149 441 1438 502; baseline -0.005 -12"><span class='ocrx_word' id='word_1_16' title='bbox 149 461 313 498; x_wconf 78' lang='lat' dir='ltr'>verum,</span> <span class='ocrx_word' id='word_1_17' title='bbox 335 448 405 502; x_wconf 85' lang='lat' dir='ltr'>qui</span> <span class='ocrx_word' id='word_1_18' title='bbox 426 459 483 487; x_wconf 82' lang='lat' dir='ltr'>ex</span> <span class='ocrx_word' id='word_1_19' title='bbox 500 445 651 486; x_wconf 86' lang='lat' dir='ltr'>tubere</span> <span class='ocrx_word' id='word_1_20' title='bbox 673 443 817 484; x_wconf 71' lang='lat' dir='ltr'>octavi</span> <span class='ocrx_word' id='word_1_21' title='bbox 837 441 932 482; x_wconf 82' lang='lat' dir='ltr'>offis</span> <span class='ocrx_word' id='word_1_22' title='bbox 945 442 1067 494; x_wconf 86' lang='lat' dir='ltr'>carpi</span> <span class='ocrx_word' id='word_1_23' title='bbox 1090 454 1212 482; x_wconf 81' lang='lat' dir='ltr'>ortus</span> <span class='ocrx_word' id='word_1_24' title='bbox 1231 468 1243 492; x_wconf 92' lang='lat'>‚</span> <span class='ocrx_word' id='word_1_25' title='bbox 1282 455 1329 483; x_wconf 78' lang='lat' dir='ltr'>ac</span> <span class='ocrx_word' id='word_1_26' title='bbox 1374 443 1438 484; x_wconf 87' lang='lat' dir='ltr'>se·</span> 
     </span>
     <span class='ocr_line' id='line_1_5' title="bbox 150 504 1435 559; baseline -0.005 -5"><span class='ocrx_word' id='word_1_27' title='bbox 150 515 336 555; x_wconf 86' lang='lat' dir='ltr'>cundum</span> <span class='ocrx_word' id='word_1_28' title='bbox 366 511 519 552; x_wconf 72' lang='lat' dir='ltr'>faciem</span> <span class='ocrx_word' id='word_1_29' title='bbox 555 519 706 548; x_wconf 78' lang='lat' dir='ltr'>cavam</span> <span class='ocrx_word' id='word_1_30' title='bbox 738 505 834 546; x_wconf 84' lang='lat' dir='ltr'>offis</span> <span class='ocrx_word' id='word_1_31' title='bbox 869 507 1114 558; x_wconf 83' lang='lat' dir='ltr'>metacarpi</span> <span class='ocrx_word' id='word_1_32' title='bbox 1142 532 1154 555; x_wconf 92' lang='lat'>,</span> <span class='ocrx_word' id='word_1_33' title='bbox 1197 504 1315 559; x_wconf 86' lang='lat' dir='ltr'>quod</span> <span class='ocrx_word' id='word_1_34' title='bbox 1345 508 1435 548; x_wconf 87' lang='lat' dir='ltr'>Au-</span> 
     </span>
     <span class='ocr_line' id='line_1_6' title="bbox 150 565 1440 625; baseline -0.005 -7"><span class='ocrx_word' id='word_1_35' title='bbox 150 578 383 618; x_wconf 80' lang='lat' dir='ltr'>ricul.1rcm</span> <span class='ocrx_word' id='word_1_36' title='bbox 413 573 583 616; x_wconf 82' lang='lat' dir='ltr'>sustinet</span> <span class='ocrx_word' id='word_1_37' title='bbox 605 599 618 623; x_wconf 87' lang='lat'>,</span> <span class='ocrx_word' id='word_1_38' title='bbox 660 570 827 611; x_wconf 85' lang='lat' dir='ltr'>delatus</span> <span class='ocrx_word' id='word_1_39' title='bbox 844 565 936 625; x_wconf 89' lang='lat' dir='ltr'>sola</span> <span class='ocrx_word' id='word_1_40' title='bbox 975 569 1217 625; x_wconf 81' lang='lat' dir='ltr'>aponevrofi</span> <span class='ocrx_word' id='word_1_41' title='bbox 1251 572 1294 609; x_wconf 86' lang='lat' dir='ltr'>in</span> <span class='ocrx_word' id='word_1_42' title='bbox 1329 571 1440 612; x_wconf 82' lang='lat' dir='ltr'>latus</span> 
     </span>
     <span class='ocr_line' id='line_1_7' title="bbox 149 634 1441 693; baseline -0.004 -12"><span class='ocrx_word' id='word_1_43' title='bbox 149 642 347 682; x_wconf 76' lang='lat' dir='ltr'>internum</span> <span class='ocrx_word' id='word_1_44' title='bbox 380 637 556 689; x_wconf 85' lang='lat' dir='ltr'>Minimi</span> <span class='ocrx_word' id='word_1_45' title='bbox 585 636 712 691; x_wconf 85' lang='lat' dir='ltr'>digiti</span> <span class='ocrx_word' id='word_1_46' title='bbox 743 635 968 676; x_wconf 78' lang='lat' dir='ltr'>inseratur.</span> <span class='ocrx_word' id='word_1_47' title='bbox 1037 634 1199 693; x_wconf 79' lang='lat' dir='ltr'><strong>Quibus</strong></span> <span class='ocrx_word' id='word_1_48' title='bbox 1225 636 1441 689; x_wconf 76' lang='lat' dir='ltr'>praemis—</span> 
     </span>
     <span class='ocr_line' id='line_1_8' title="bbox 150 699 1037 759; baseline -0.008 -12"><span class='ocrx_word' id='word_1_49' title='bbox 150 705 200 747; x_wconf 87' lang='lat' dir='ltr'>fis</span> <span class='ocrx_word' id='word_1_50' title='bbox 221 733 234 757; x_wconf 92' lang='lat'><em>‚</em></span> <span class='ocrx_word' id='word_1_51' title='bbox 275 705 375 759; x_wconf 89' lang='lat' dir='ltr'>quid</span> <span class='ocrx_word' id='word_1_52' title='bbox 403 704 504 744; x_wconf 86' lang='lat' dir='ltr'>inde</span> <span class='ocrx_word' id='word_1_53' title='bbox 533 701 761 756; x_wconf 84' lang='lat' dir='ltr'>sequatur,</span> <span class='ocrx_word' id='word_1_54' title='bbox 800 699 1037 741; x_wconf 88' lang='lat' dir='ltr'>videamus.</span> 
     </span>
    </p>

    <p class='ocr_par' dir='ltr' id='par_1_3' title="bbox 141 762 1461 2239">
     <span class='ocr_line' id='line_1_9' title="bbox 279 762 1461 819; baseline -0.007 -8"><span class='ocrx_word' id='word_1_55' title='bbox 279 765 314 812; x_wconf 81' lang='lat'>§.</span> <span class='ocrx_word' id='word_1_56' title='bbox 362 779 437 818; x_wconf 84' lang='lat'>15.</span> <span class='ocrx_word' id='word_1_57' title='bbox 506 769 626 809; x_wconf 85' lang='lat' dir='ltr'>Ante</span> <span class='ocrx_word' id='word_1_58' title='bbox 665 766 814 807; x_wconf 76' lang='lat' dir='ltr'>omnia</span> <span class='ocrx_word' id='word_1_59' title='bbox 855 773 1046 819; x_wconf 83' lang='lat' dir='ltr'>apparet</span> <span class='ocrx_word' id='word_1_60' title='bbox 1074 790 1087 814; x_wconf 89' lang='lat'>‚</span> <span class='ocrx_word' id='word_1_61' title='bbox 1127 762 1303 818; x_wconf 82' lang='lat' dir='ltr'><em>origines</em></span> <span class='ocrx_word' id='word_1_62' title='bbox 1343 775 1461 815; x_wconf 60' lang='lat' dir='ltr'>mu·</span> 
     </span>
     <span class='ocr_line' id='line_1_10' title="bbox 146 820 1438 884; baseline -0.003 -12"><span class='ocrx_word' id='word_1_63' title='bbox 146 831 362 874; x_wconf 89' lang='lat' dir='ltr'>sculorum</span> <span class='ocrx_word' id='word_1_64' title='bbox 394 832 770 880; x_wconf 85' lang='lat' dir='ltr'>lnterosseorum,</span> <span class='ocrx_word' id='word_1_65' title='bbox 810 830 955 884; x_wconf 82' lang='lat' dir='ltr'>quales</span> <span class='ocrx_word' id='word_1_66' title='bbox 993 841 1075 869; x_wconf 90' lang='lat' dir='ltr'>nos</span> <span class='ocrx_word' id='word_1_67' title='bbox 1123 828 1193 869; x_wconf 89' lang='lat' dir='ltr'>hic</span> <span class='ocrx_word' id='word_1_68' title='bbox 1241 820 1438 878; x_wconf 73' lang='lat' dir='ltr'>fistimus,</span> 
     </span>
     <span class='ocr_line' id='line_1_11' title="bbox 149 892 1438 950; baseline -0.005 -12"><span class='ocrx_word' id='word_1_69' title='bbox 149 909 245 938; x_wconf 91' lang='lat' dir='ltr'>cum</span> <span class='ocrx_word' id='word_1_70' title='bbox 281 896 646 950; x_wconf 78' lang='lat' dir='ltr'>descriptionibus</span> <span class='ocrx_word' id='word_1_71' title='bbox 690 892 959 950; x_wconf 81' lang='lat' dir='ltr'>Duglafianis</span> <span class='ocrx_word' id='word_1_72' title='bbox 1003 892 1302 936; x_wconf 83' lang='lat' dir='ltr'>vehementer</span> <span class='ocrx_word' id='word_1_73' title='bbox 1345 903 1438 932; x_wconf 85' lang='lat' dir='ltr'>con-</span> 
     </span>
     <span class='ocr_line' id='line_1_12' title="bbox 148 953 1443 1012; baseline -0.003 -11"><span class='ocrx_word' id='word_1_74' title='bbox 148 961 333 1003; x_wconf 82' lang='lat' dir='ltr'>cordare.</span> <span class='ocrx_word' id='word_1_75' title='bbox 406 962 513 1005; x_wconf 87' lang='lat' dir='ltr'>Sunt</span> <span class='ocrx_word' id='word_1_76' title='bbox 550 972 697 1003; x_wconf 82' lang='lat' dir='ltr'>autem</span> <span class='ocrx_word' id='word_1_77' title='bbox 738 960 920 1001; x_wconf 85' lang='lat' dir='ltr'>illorum</span> <span class='ocrx_word' id='word_1_78' title='bbox 955 958 1241 1000; x_wconf 90' lang='lat' dir='ltr'>solummodo</span> <span class='ocrx_word' id='word_1_79' title='bbox 1270 953 1443 1012; x_wconf 69' lang='lat' dir='ltr'>septem,</span> 
     </span>
     <span class='ocr_line' id='line_1_13' title="bbox 147 1017 1439 1078; baseline -0.005 -12"><span class='ocrx_word' id='word_1_80' title='bbox 147 1027 311 1066; x_wconf 76' lang='lat' dir='ltr'>externi</span> <span class='ocrx_word' id='word_1_81' title='bbox 340 1032 453 1075; x_wconf 85' lang='lat' dir='ltr'>tres,</span> <span class='ocrx_word' id='word_1_82' title='bbox 494 1027 642 1065; x_wconf 81' lang='lat' dir='ltr'>interni</span> <span class='ocrx_word' id='word_1_83' title='bbox 677 1017 859 1078; x_wconf 64' lang='lat' dir='ltr'>qua&#39;tuor</span> <span class='ocrx_word' id='word_1_84' title='bbox 881 1050 893 1074; x_wconf 91' lang='lat'>‚</span> <span class='ocrx_word' id='word_1_85' title='bbox 934 1024 994 1063; x_wconf 83' lang='lat' dir='ltr'>ita</span> <span class='ocrx_word' id='word_1_86' title='bbox 1023 1051 1035 1074; x_wconf 90' lang='lat'>‚</span> <span class='ocrx_word' id='word_1_87' title='bbox 1073 1032 1121 1062; x_wconf 85' lang='lat' dir='ltr'>vt</span> <span class='ocrx_word' id='word_1_88' title='bbox 1158 1034 1215 1063; x_wconf 86' lang='lat' dir='ltr'>ex</span> <span class='ocrx_word' id='word_1_89' title='bbox 1244 1021 1439 1074; x_wconf 80' lang='lat' dir='ltr'>superin-</span> 
     </span>
     <span class='ocr_line' id='line_1_14' title="bbox 151 1081 1440 1138; baseline -0.004 -9"><span class='ocrx_word' id='word_1_90' title='bbox 151 1089 284 1131; x_wconf 68' lang='lat' dir='ltr'>dustis</span> <span class='ocrx_word' id='word_1_91' title='bbox 318 1088 644 1132; x_wconf 81' lang='lat' dir='ltr'>stockhufianis</span> <span class='ocrx_word' id='word_1_92' title='bbox 672 1088 745 1128; x_wconf 79' lang='lat' dir='ltr'>ille</span> <span class='ocrx_word' id='word_1_93' title='bbox 783 1086 927 1137; x_wconf 78' lang='lat' dir='ltr'>solus,</span> <span class='ocrx_word' id='word_1_94' title='bbox 965 1087 1035 1138; x_wconf 88' lang='lat' dir='ltr'>qui</span> <span class='ocrx_word' id='word_1_95' title='bbox 1074 1085 1232 1125; x_wconf 84' lang='lat' dir='ltr'>ordine</span> <span class='ocrx_word' id='word_1_96' title='bbox 1273 1084 1348 1125; x_wconf 90' lang='lat' dir='ltr'>suo</span> <span class='ocrx_word' id='word_1_97' title='bbox 1375 1081 1440 1136; x_wconf 84' lang='lat' dir='ltr'>se·</span> 
     </span>
     <span class='ocr_line' id='line_1_15' title="bbox 147 1147 1451 1202; baseline -0.002 -10"><span class='ocrx_word' id='word_1_98' title='bbox 147 1153 295 1193; x_wconf 75' lang='lat' dir='ltr'>candus</span> <span class='ocrx_word' id='word_1_99' title='bbox 342 1153 589 1194; x_wconf 86' lang='lat' dir='ltr'>recensetur</span> <span class='ocrx_word' id='word_1_100' title='bbox 614 1179 626 1202; x_wconf 92' lang='lat'>,</span> <span class='ocrx_word' id='word_1_101' title='bbox 664 1162 709 1191; x_wconf 89' lang='lat' dir='ltr'>et</span> <span class='ocrx_word' id='word_1_102' title='bbox 747 1148 876 1192; x_wconf 80' lang='lat' dir='ltr'>lateri</span> <span class='ocrx_word' id='word_1_103' title='bbox 915 1148 1054 1192; x_wconf 87' lang='lat' dir='ltr'>Medii</span> <span class='ocrx_word' id='word_1_104' title='bbox 1090 1150 1273 1190; x_wconf 83' lang='lat' dir='ltr'>interno</span> <span class='ocrx_word' id='word_1_105' title='bbox 1321 1147 1451 1202; x_wconf 71' lang='lat' dir='ltr'>affigi,</span> 
     </span>
     <span class='ocr_line' id='line_1_16' title="bbox 148 1211 1436 1269; baseline -0.002 -13"><span class='ocrx_word' id='word_1_106' title='bbox 148 1216 484 1269; x_wconf 77' lang='lat' dir='ltr'>praetenditur,</span> <span class='ocrx_word' id='word_1_107' title='bbox 523 1229 580 1258; x_wconf 83' lang='lat' dir='ltr'>ex</span> <span class='ocrx_word' id='word_1_108' title='bbox 608 1215 848 1257; x_wconf 79' lang='lat' dir='ltr'>rationibus</span> <span class='ocrx_word' id='word_1_109' title='bbox 879 1211 915 1258; x_wconf 81' lang='lat'>§.</span> <span class='ocrx_word' id='word_1_110' title='bbox 960 1228 1034 1267; x_wconf 85' lang='lat'>14.</span> <span class='ocrx_word' id='word_1_111' title='bbox 1072 1214 1129 1257; x_wconf 91' lang='lat' dir='ltr'>N.</span> <span class='ocrx_word' id='word_1_112' title='bbox 1152 1213 1231 1256; x_wconf 92' lang='lat'>111.</span> <span class='ocrx_word' id='word_1_113' title='bbox 1274 1212 1436 1266; x_wconf 76' lang='lat' dir='ltr'>allega-</span> 
     </span>
     <span class='ocr_line' id='line_1_17' title="bbox 150 1277 1440 1332; baseline 0.001 -14"><span class='ocrx_word' id='word_1_114' title='bbox 150 1280 206 1318; x_wconf 77' lang='lat' dir='ltr'>tis</span> <span class='ocrx_word' id='word_1_115' title='bbox 243 1281 419 1319; x_wconf 84' lang='lat' dir='ltr'>admitti</span> <span class='ocrx_word' id='word_1_116' title='bbox 441 1279 561 1332; x_wconf 76' lang='lat' dir='ltr'>poss‘e</span> <span class='ocrx_word' id='word_1_117' title='bbox 595 1281 809 1321; x_wconf 82' lang='lat' dir='ltr'>videatur.</span> <span class='ocrx_word' id='word_1_118' title='bbox 880 1279 1051 1320; x_wconf 85' lang='lat' dir='ltr'>Horum</span> <span class='ocrx_word' id='word_1_119' title='bbox 1080 1277 1251 1330; x_wconf 86' lang='lat' dir='ltr'>septem</span> <span class='ocrx_word' id='word_1_120' title='bbox 1290 1288 1440 1319; x_wconf 80' lang='lat' dir='ltr'>autem</span> 
     </span>
     <span class='ocr_line' id='line_1_18' title="bbox 154 1339 1439 1396; baseline 0.002 -15"><span class='ocrx_word' id='word_1_121' title='bbox 154 1340 363 1382; x_wconf 72' lang='lat' dir='ltr'>non&#39;i‘unt</span> <span class='ocrx_word' id='word_1_122' title='bbox 395 1342 468 1382; x_wconf 77' lang='lat' dir='ltr'>nisi</span> <span class='ocrx_word' id='word_1_123' title='bbox 497 1349 584 1384; x_wconf 83' lang='lat' dir='ltr'>tres</span> <span class='ocrx_word' id='word_1_124' title='bbox 606 1370 617 1392; x_wconf 88' lang='lat'>‚</span> <span class='ocrx_word' id='word_1_125' title='bbox 660 1342 870 1382; x_wconf 86' lang='lat' dir='ltr'>nimirum</span> <span class='ocrx_word' id='word_1_126' title='bbox 899 1340 1092 1382; x_wconf 83' lang='lat' dir='ltr'>Internus</span> <span class='ocrx_word' id='word_1_127' title='bbox 1119 1342 1302 1396; x_wconf 83' lang='lat' dir='ltr'>primus,</span> <span class='ocrx_word' id='word_1_128' title='bbox 1338 1339 1439 1383; x_wconf 83' lang='lat' dir='ltr'>Ex-</span> 
     </span>
     <span class='ocr_line' id='line_1_19' title="bbox 153 1403 1437 1461; baseline 0.001 -16"><span class='ocrx_word' id='word_1_129' title='bbox 153 1412 288 1445; x_wconf 78' lang='lat' dir='ltr'>ternus</span> <span class='ocrx_word' id='word_1_130' title='bbox 308 1403 500 1458; x_wconf 56' lang='lat' dir='ltr'>secundus</span> <span class='ocrx_word' id='word_1_131' title='bbox 523 1435 534 1456; x_wconf 88' lang='lat'>‚</span> <span class='ocrx_word' id='word_1_132' title='bbox 576 1417 704 1459; x_wconf 85' lang='lat' dir='ltr'>atque</span> <span class='ocrx_word' id='word_1_133' title='bbox 729 1403 949 1446; x_wconf 79' lang='lat' dir='ltr'>Externus</span> <span class='ocrx_word' id='word_1_134' title='bbox 985 1407 1138 1447; x_wconf 82' lang='lat' dir='ltr'>tertius</span> <span class='ocrx_word' id='word_1_135' title='bbox 1160 1434 1173 1458; x_wconf 84' lang='lat'>‚</span> <span class='ocrx_word' id='word_1_136' title='bbox 1214 1407 1286 1459; x_wconf 89' lang='lat' dir='ltr'>qui</span> <span class='ocrx_word' id='word_1_137' title='bbox 1306 1405 1437 1461; x_wconf 84' lang='lat' dir='ltr'>dupli-</span> 
     </span>
     <span class='ocr_line' id='line_1_20' title="bbox 151 1468 1438 1524; baseline 0.002 -16"><span class='ocrx_word' id='word_1_138' title='bbox 151 1470 187 1509; x_wconf 76' lang='lat' dir='ltr'>ci</span> <span class='ocrx_word' id='word_1_139' title='bbox 215 1468 392 1510; x_wconf 88' lang='lat' dir='ltr'>tendine</span> <span class='ocrx_word' id='word_1_140' title='bbox 418 1469 540 1510; x_wconf 84' lang='lat' dir='ltr'>fimul</span> <span class='ocrx_word' id='word_1_141' title='bbox 567 1468 794 1522; x_wconf 78' lang='lat' dir='ltr'>gaudent3</span> <span class='ocrx_word' id='word_1_142' title='bbox 831 1468 987 1523; x_wconf 82' lang='lat' dir='ltr'>reliqui</span> <span class='ocrx_word' id='word_1_143' title='bbox 1025 1471 1144 1510; x_wconf 86' lang='lat' dir='ltr'>enim</span> <span class='ocrx_word' id='word_1_144' title='bbox 1181 1477 1355 1524; x_wconf 82' lang='lat' dir='ltr'>quatuor</span> <span class='ocrx_word' id='word_1_145' title='bbox 1392 1471 1438 1511; x_wconf 89' lang='lat' dir='ltr'>in</span> 
     </span>
     <span class='ocr_line' id='line_1_21' title="bbox 141 1528 1438 1589; baseline 0.002 -17"><span class='ocrx_word' id='word_1_146' title='bbox 141 1528 267 1588; x_wconf 80' lang='lat' dir='ltr'>solam</span> <span class='ocrx_word' id='word_1_147' title='bbox 306 1533 565 1589; x_wconf 75' lang='lat' dir='ltr'>aponevrostn</span> <span class='ocrx_word' id='word_1_148' title='bbox 609 1533 908 1575; x_wconf 88' lang='lat' dir='ltr'>terminantur</span> <span class='ocrx_word' id='word_1_149' title='bbox 945 1548 954 1574; x_wconf 74' lang='grc' dir='ltr'>ι</span> <span class='ocrx_word' id='word_1_150' title='bbox 996 1542 1126 1588; x_wconf 87' lang='lat' dir='ltr'>atque</span> <span class='ocrx_word' id='word_1_151' title='bbox 1159 1533 1220 1575; x_wconf 83' lang='lat' dir='ltr'>illi</span> <span class='ocrx_word' id='word_1_152' title='bbox 1257 1534 1438 1588; x_wconf 88' lang='lat' dir='ltr'>quidem</span> 
     </span>
     <span class='ocr_line' id='line_1_22' title="bbox 155 1595 1438 1651; baseline 0.001 -13"><span class='ocrx_word' id='word_1_153' title='bbox 155 1609 309 1640; x_wconf 88' lang='lat' dir='ltr'>omnes</span> <span class='ocrx_word' id='word_1_154' title='bbox 336 1610 390 1640; x_wconf 86' lang='lat' dir='ltr'>ex</span> <span class='ocrx_word' id='word_1_155' title='bbox 420 1598 558 1639; x_wconf 80' lang='lat' dir='ltr'>latere</span> <span class='ocrx_word' id='word_1_156' title='bbox 585 1597 830 1651; x_wconf 85' lang='lat' dir='ltr'>digitorum</span> <span class='ocrx_word' id='word_1_157' title='bbox 860 1603 1033 1638; x_wconf 82' lang='lat' dir='ltr'>externo</span> <span class='ocrx_word' id='word_1_158' title='bbox 1054 1625 1066 1649; x_wconf 90' lang='lat'>,</span> <span class='ocrx_word' id='word_1_159' title='bbox 1104 1595 1281 1641; x_wconf 81' lang='lat' dir='ltr'>bivero</span> <span class='ocrx_word' id='word_1_160' title='bbox 1301 1612 1356 1640; x_wconf 84' lang='lat' dir='ltr'>ex</span> <span class='ocrx_word' id='word_1_161' title='bbox 1375 1599 1438 1639; x_wconf 83' lang='lat' dir='ltr'>in·</span> 
     </span>
     <span class='ocr_line' id='line_1_23' title="bbox 151 1661 1438 1717; baseline 0.002 -15"><span class='ocrx_word' id='word_1_162' title='bbox 151 1669 265 1703; x_wconf 78' lang='lat' dir='ltr'>terno</span> <span class='ocrx_word' id='word_1_163' title='bbox 290 1663 422 1717; x_wconf 74' lang='lat' dir='ltr'>positi</span> <span class='ocrx_word' id='word_1_164' title='bbox 456 1665 563 1705; x_wconf 76' lang='lat' dir='ltr'>suut.</span> <span class='ocrx_word' id='word_1_165' title='bbox 632 1663 835 1716; x_wconf 84' lang='lat' dir='ltr'>Namque</span> <span class='ocrx_word' id='word_1_166' title='bbox 880 1663 924 1703; x_wconf 93' lang='lat' dir='ltr'>in</span> <span class='ocrx_word' id='word_1_167' title='bbox 971 1661 1051 1703; x_wconf 87' lang='lat' dir='ltr'>hac</span> <span class='ocrx_word' id='word_1_168' title='bbox 1100 1675 1147 1703; x_wconf 89' lang='lat' dir='ltr'>re</span> <span class='ocrx_word' id='word_1_169' title='bbox 1194 1663 1438 1705; x_wconf 79' lang='lat' dir='ltr'>mirificum</span> 
     </span>
     <span class='ocr_line' id='line_1_24' title="bbox 155 1727 1439 1782; baseline 0.002 -17"><span class='ocrx_word' id='word_1_170' title='bbox 155 1737 306 1767; x_wconf 77' lang='lat' dir='ltr'>natura</span> <span class='ocrx_word' id='word_1_171' title='bbox 334 1727 534 1768; x_wconf 87' lang='lat' dir='ltr'>ordinem</span> <span class='ocrx_word' id='word_1_172' title='bbox 563 1727 746 1769; x_wconf 83' lang='lat' dir='ltr'>servavit</span> <span class='ocrx_word' id='word_1_173' title='bbox 769 1753 781 1776; x_wconf 91' lang='lat'>,</span> <span class='ocrx_word' id='word_1_174' title='bbox 822 1737 870 1767; x_wconf 88' lang='lat' dir='ltr'>vt</span> <span class='ocrx_word' id='word_1_175' title='bbox 898 1727 1030 1767; x_wconf 81' lang='lat' dir='ltr'>cuivis</span> <span class='ocrx_word' id='word_1_176' title='bbox 1059 1728 1204 1780; x_wconf 88' lang='lat' dir='ltr'>digito</span> <span class='ocrx_word' id='word_1_177' title='bbox 1231 1740 1288 1769; x_wconf 87' lang='lat' dir='ltr'>ex</span> <span class='ocrx_word' id='word_1_178' title='bbox 1325 1739 1439 1782; x_wconf 90' lang='lat' dir='ltr'>quo·-</span> 
     </span>
     <span class='ocr_line' id='line_1_25' title="bbox 155 1789 1434 1847; baseline 0.004 -19"><span class='ocrx_word' id='word_1_179' title='bbox 155 1790 219 1829; x_wconf 72' lang='lat' dir='ltr'>vis</span> <span class='ocrx_word' id='word_1_180' title='bbox 246 1790 381 1832; x_wconf 71' lang='lat' dir='ltr'>latere</span> <span class='ocrx_word' id='word_1_181' title='bbox 404 1791 498 1833; x_wconf 85' lang='lat' dir='ltr'>duos</span> <span class='ocrx_word' id='word_1_182' title='bbox 525 1794 700 1847; x_wconf 88' lang='lat' dir='ltr'>quidem</span> <span class='ocrx_word' id='word_1_183' title='bbox 729 1793 933 1833; x_wconf 87' lang='lat' dir='ltr'>tendines</span> <span class='ocrx_word' id='word_1_184' title='bbox 962 1790 1123 1845; x_wconf 77' lang='lat' dir='ltr'><em>longum</em></span> <span class='ocrx_word' id='word_1_185' title='bbox 1143 1803 1272 1846; x_wconf 84' lang='lat' dir='ltr'>atque</span> <span class='ocrx_word' id='word_1_186' title='bbox 1290 1789 1434 1843; x_wconf 81' lang='lat' dir='ltr'>latum,</span> 
     </span>
     <span class='ocr_line' id='line_1_26' title="bbox 153 1852 1436 1908; baseline 0.005 -14"><span class='ocrx_word' id='word_1_187' title='bbox 153 1852 240 1894; x_wconf 75' lang='lat' dir='ltr'>sive</span> <span class='ocrx_word' id='word_1_188' title='bbox 271 1856 560 1908; x_wconf 84' lang='lat' dir='ltr'>aponevrosm</span> <span class='ocrx_word' id='word_1_189' title='bbox 605 1858 816 1899; x_wconf 87' lang='lat' dir='ltr'>adiecerit</span> <span class='ocrx_word' id='word_1_190' title='bbox 838 1874 846 1899; x_wconf 79' lang='lat' dir='ltr'>z</span> <span class='ocrx_word' id='word_1_191' title='bbox 886 1869 984 1898; x_wconf 91' lang='lat' dir='ltr'>cum</span> <span class='ocrx_word' id='word_1_192' title='bbox 1005 1869 1116 1898; x_wconf 81' lang='lat' dir='ltr'>vero</span> <span class='ocrx_word' id='word_1_193' title='bbox 1137 1856 1436 1900; x_wconf 77' lang='lat' dir='ltr'>Lumbricales</span> 
     </span>
     <span class='ocr_line' id='line_1_27' title="bbox 152 1921 1436 1975; baseline 0.005 -18"><span class='ocrx_word' id='word_1_194' title='bbox 152 1929 339 1971; x_wconf 76' lang='lat' dir='ltr'>quatuor</span> <span class='ocrx_word' id='word_1_195' title='bbox 368 1922 538 1963; x_wconf 88' lang='lat' dir='ltr'>musculi</span> <span class='ocrx_word' id='word_1_196' title='bbox 566 1934 721 1964; x_wconf 73' lang='lat' dir='ltr'>omnes</span> <span class='ocrx_word' id='word_1_197' title='bbox 750 1935 806 1964; x_wconf 84' lang='lat' dir='ltr'>ex</span> <span class='ocrx_word' id='word_1_198' title='bbox 837 1921 978 1963; x_wconf 83' lang='lat' dir='ltr'>latere</span> <span class='ocrx_word' id='word_1_199' title='bbox 1006 1923 1160 1962; x_wconf 85' lang='lat' dir='ltr'>interno</span> <span class='ocrx_word' id='word_1_200' title='bbox 1200 1921 1334 1975; x_wconf 74' lang='lat' dir='ltr'>positi</span> <span class='ocrx_word' id='word_1_201' title='bbox 1389 1922 1436 1964; x_wconf 86' lang='lat' dir='ltr'>in</span> 
     </span>
     <span class='ocr_line' id='line_1_28' title="bbox 155 1981 1436 2044; baseline 0.004 -22"><span class='ocrx_word' id='word_1_202' title='bbox 155 1981 240 2022; x_wconf 86' lang='lat' dir='ltr'>hoc</span> <span class='ocrx_word' id='word_1_203' title='bbox 271 1984 385 2026; x_wconf 90' lang='lat' dir='ltr'>idem</span> <span class='ocrx_word' id='word_1_204' title='bbox 413 1999 580 2042; x_wconf 91' lang='lat' dir='ltr'>quoque</span> <span class='ocrx_word' id='word_1_205' title='bbox 609 1987 718 2028; x_wconf 72' lang='lat' dir='ltr'>latus</span> <span class='ocrx_word' id='word_1_206' title='bbox 745 1988 841 2028; x_wconf 85' lang='lat' dir='ltr'>suos</span> <span class='ocrx_word' id='word_1_207' title='bbox 867 1986 1070 2027; x_wconf 84' lang='lat' dir='ltr'>tendines</span> <span class='ocrx_word' id='word_1_208' title='bbox 1088 1986 1222 2044; x_wconf 79' lang='lat' dir='ltr'>longos</span> <span class='ocrx_word' id='word_1_209' title='bbox 1246 1985 1436 2042; x_wconf 87' lang='lat' dir='ltr'>implan—</span> 
     </span>
     <span class='ocr_line' id='line_1_29' title="bbox 155 2049 1438 2104; baseline 0.005 -18"><span class='ocrx_word' id='word_1_210' title='bbox 155 2049 312 2089; x_wconf 69' lang='lat' dir='ltr'>tandos</span> <span class='ocrx_word' id='word_1_211' title='bbox 342 2053 593 2104; x_wconf 78' lang='lat' dir='ltr'>impertiant</span> <span class='ocrx_word' id='word_1_212' title='bbox 616 2079 628 2102; x_wconf 91' lang='lat'>,</span> <span class='ocrx_word' id='word_1_213' title='bbox 670 2050 891 2093; x_wconf 76' lang='lat' dir='ltr'>exlatere</span> <span class='ocrx_word' id='word_1_214' title='bbox 928 2063 1077 2092; x_wconf 78' lang='lat' dir='ltr'>autem</span> <span class='ocrx_word' id='word_1_215' title='bbox 1114 2058 1289 2093; x_wconf 81' lang='lat' dir='ltr'>externo</span> <span class='ocrx_word' id='word_1_216' title='bbox 1329 2050 1438 2093; x_wconf 85' lang='lat' dir='ltr'>defi-</span> 
     </span>
     <span class='ocr_line' id='line_1_30' title="bbox 154 2111 1440 2172; baseline 0.006 -23"><span class='ocrx_word' id='word_1_217' title='bbox 154 2113 304 2164; x_wconf 74' lang='lat' dir='ltr'>cizint·‚</span> <span class='ocrx_word' id='word_1_218' title='bbox 343 2113 494 2156; x_wconf 61' lang='lat' dir='ltr'>facturn</span> <span class='ocrx_word' id='word_1_219' title='bbox 529 2116 618 2167; x_wconf 88' lang='lat' dir='ltr'>est,</span> <span class='ocrx_word' id='word_1_220' title='bbox 658 2127 703 2158; x_wconf 85' lang='lat' dir='ltr'>vt</span> <span class='ocrx_word' id='word_1_221' title='bbox 734 2129 791 2158; x_wconf 84' lang='lat' dir='ltr'>ex</span> <span class='ocrx_word' id='word_1_222' title='bbox 820 2115 906 2156; x_wconf 89' lang='lat' dir='ltr'>hoc</span> <span class='ocrx_word' id='word_1_223' title='bbox 926 2111 1012 2172; x_wconf 83' lang='lat' dir='ltr'>solo</span> <span class='ocrx_word' id='word_1_224' title='bbox 1046 2128 1220 2171; x_wconf 90' lang='lat' dir='ltr'>quoque</span> <span class='ocrx_word' id='word_1_225' title='bbox 1268 2123 1440 2158; x_wconf 82' lang='lat' dir='ltr'>externo</span> 
     </span>
     <span class='ocr_line' id='line_1_31' title="bbox 144 2173 1434 2239; baseline 0.005 -24"><span class='ocrx_word' id='word_1_226' title='bbox 144 2173 288 2218; x_wconf 60' lang='lat' dir='ltr'>latere</span> <span class='ocrx_word' id='word_1_227' title='bbox 319 2181 496 2223; x_wconf 80' lang='lat' dir='ltr'>musculi</span> <span class='ocrx_word' id='word_1_228' title='bbox 521 2179 751 2224; x_wconf 80' lang='lat' dir='ltr'>lnteross&#39;ei</span> <span class='ocrx_word' id='word_1_229' title='bbox 782 2181 1139 2239; x_wconf 79' lang='lat' dir='ltr'>tendinc&#39;duplici</span> <span class='ocrx_word' id='word_1_230' title='bbox 1167 2183 1214 2224; x_wconf 87' lang='lat' dir='ltr'>in</span> <span class='ocrx_word' id='word_1_231' title='bbox 1232 2181 1434 2226; x_wconf 68' lang='lat' dir='ltr'>Lunxbri-</span> 
     </span>
    </p>

    <p class='ocr_par' dir='ltr' id='par_1_4' title="bbox 738 2245 1431 2299">
     <span class='ocr_line' id='line_1_32' title="bbox 738 2245 1431 2299; baseline -0.004 -12"><span class='ocrx_word' id='word_1_232' title='bbox 738 2245 814 2288; x_wconf 81' lang='lat' dir='ltr'>Hh</span> <span class='ocrx_word' id='word_1_233' title='bbox 853 2259 877 2299; x_wconf 77' lang='lat'>3</span> <span class='ocrx_word' id='word_1_234' title='bbox 1360 2255 1431 2284; x_wconf 81' lang='lat' dir='ltr'>ta-</span> 
     </span>
    </p>
   </div>
  </div>
 </body>
</html>
