1976 2605
615 177 1084 228 MvchLORUM.
1379 202 1468 242 235

326 299 362 349 §.
408 318 448 344 2.
515 301 585 345 Dc
622 301 838 342 dii-ctslione
870 313 1013 342 autem
1061 301 1378 355 musculorum,
1429 317 1475 349 ct

196 368 299 412 inde
322 369 601 423 dependente
622 365 775 407 aeliane
797 370 912 408 inter
936 371 1130 408 Antores
1160 382 1184 409 n
1204 370 1354 409 indum
1382 369 1476 424 pla-

199 447 253 474 ne
290 434 526 482 conuenit,
568 443 646 472 nec
687 434 819 470 etiam
860 433 918 471 ita
951 426 1195 483 specialiter
1231 435 1371 475 ac‘tum
1403 445 1476 477 aut

200 498 464 552 disquisitum
498 495 570 537 est.
637 495 759 535 Pauci
790 495 949 534 Veililii
981 495 1155 546 vestigia
1180 497 1477 550 ingredientes

197 564 411 617 patientia
434 559 582 609 sunni,
623 558 756 611 qualis
786 560 829 597 in
855 559 939 598 hoc
971 570 1108 610 opere
1139 561 1399 612 requiritur,
1424 563 1477 606 ad

198 627 494 668 musculorum
554 622 829 677 progressum
890 622 1172 663 attenderunt
1204 639 1213 664 ε
1278 623 1471 678 plurimi,

197 689 466 743 compendia
498 687 706 730 festantes
737 688 789 726 de
822 688 994 740 origine
1031 699 1077 727 ac
1102 686 1188 728 fine
1211 688 1322 732 nuda
1344 690 1476 732 verba

197 754 374 795 faciunt.
450 752 558 794 Inde
591 752 744 794 fastum
777 751 834 792 est
866 752 1060 805 partim,
1111 762 1158 793 vt
1189 751 1262 792 alii
1292 752 1477 795 eosdem

194 819 410 859 musculos
447 818 498 858 ad
540 817 620 859 alia
655 817 853 857 membra
890 815 1109 857 mouenda
1147 815 1358 859 referant:
1407 817 1479 860 alii

195 885 356 936 partim
388 883 531 923 eidem
566 881 760 923 musculo
800 880 942 924 eidem
975 879 1051 923 offi
1072 880 1238 924 inserto
1261 880 1476 926 diuersam

193 948 412 990 astionem
454 948 659 989 tribuant„

324 1007 361 1054 §.
404 1026 446 1063 3.
513 1012 620 1052 Duo
650 1012 781 1063 igitur
815 1011 930 1061 sunt,
971 1021 1081 1066 quae
1112 1009 1165 1050 ad
1192 1009 1477 1064 Myologiam

192 1074 374 1116 vlterius
404 1074 697 1116 excolendam
735 1074 853 1115 forte
893 1086 984 1114 non
1023 1073 1193 1114 inutilia
1230 1075 1477 1117 iudicabunt

192 1139 485 1189 Anatomici3
528 1138 749 1188 alterum,
798 1147 871 1187 vt,
913 1136 942 1177 fi
970 1147 1078 1192 quae
1106 1135 1199 1179 sunt
1227 1138 1477 1192 principio-

195 1215 290 1243 rum
323 1212 448 1257 atque
477 1203 770 1244 inser-tionum
800 1199 1076 1256 dfflrentiae‚
1124 1214 1337 1256 quaenam
1366 1214 1476 1245 con-

194 1265 354 1306 stantes
375 1268 512 1317 magis
535 1276 605 1307 aut
628 1269 816 1308 rariores
837 1265 942 1314 sint,
984 1277 1028 1306 et
1050 1267 1093 1305 in
1114 1278 1308 1320 quonam
1334 1268 1476 1308 varia·

197 1329 346 1367 tiones
386 1328 562 1369 illorum
602 1328 866 1381 potissimum
904 1328 1161 1379 consistant,
1203 1329 1482 1386 innotescat·,

198 1390 406 1440 alterum,
449 1402 495 1432 vt
524 1389 692 1431 uniones
729 1389 1024 1433 musculorum
1053 1405 1109 1434 ex
1136 1393 1330 1446 ipsorum
1366 1393 1476 1436 dire·

199 1453 320 1494 aione
339 1456 577 1495 accuratius
599 1455 961 1495 determinentur.
1034 1455 1171 1508 Scopi
1193 1456 1312 1496 huius
1333 1458 1476 1510 dupli·

197 1519 256 1559 cis
276 1519 512 1571 periculum
533 1518 575 1558 in
598 1529 770 1559 artuum
799 1517 1073 1572 superiorum
1094 1518 1295 1561 Musculis
1324 1531 1475 1562 extre·

198 1582 279 1624 mis
300 1581 453 1624 sac'tum
476 1582 560 1623 hoc
583 1581 819 1635 specimine
849 1581 1059 1625 exhibere
1091 1584 1275 1626 tentabo
1298 1585 1384 1636 ita,
1425 1594 1475 1630 vt

197 1657 427 1701 Vtrumque
447 1647 614 1688 Thema
638 1659 722 1700 pro
755 1659 802 1687 re
834 1657 932 1688 nata
962 1648 1289 1690 commisce-am.
1357 1649 1474 1693 Cum

198 1723 308 1751 vcro
330 1713 380 1751 ad
403 1712 755 1753 determinandas
783 1712 976 1752 actiones
1005 1711 1271 1754 mechanicis
1304 1713 1473 1766 quibus·

201 1774 299 1814 dam
338 1786 462 1829 atque
500 1776 783 1829 ostcologicis
825 1774 1204 1829 propositionibus
1242 1789 1352 1829 opus
1393 1775 1473 1821 fit:

198 1840 487 1893 praemittere
530 1841 624 1882 illas
658 1841 942 1883 Lemmatum
989 1839 1162 1891 titulo,
1211 1853 1235 1882 e
1280 1852 1328 1882 re
1374 1840 1472 1884 fore

198 1901 407 1947 confido:

333 1963 368 2011 §.
408 1985 451 2021 4,
519 1969 702 2012 Musculi
723 1971 816 2012 sunt
833 1971 1117 2012 instrumenta
1140 1979 1312 2020 motus,
1337 1980 1469 2012 anne-

200 2032 243 2072 xi
284 2034 468 2085 partibus
502 2036 654 2076 vicinis
690 2036 978 2076 extremitate
1015 2035 1176 2088 duplici
1214 2035 1470 2089 plerumque

198 2096 429 2150 opposita,
468 2110 644 2150 quarum
667 2100 803 2140 altera
829 2111 910 2152 pro
936 2101 1109 2153 origine
1132 2108 1202 2139 aut
1226 2100 1467 2153 principio,

200 2161 335 2202 altera
358 2175 440 2214 pro
464 2160 549 2204 fine
570 2175 639 2206 aut
661 2164 899 2206 insertione
923 2163 1189 2205 considerari
1212 2164 1342 2206 solet:
1373 2174 1470 2216 pars

746 2226 823 2281 Gg
867 2241 890 2268 2
1393 2235 1465 2265 au-
