1976 2605
525 159 813 218 VENERIS
850 167 1126 217 CNIDIAE
1378 184 1471 231 267

201 297 272 340 wit
293 304 409 338 amor
438 291 578 336 talium
608 293 889 351 cupiditasque
911 296 1137 351 fignorum.
1204 293 1276 337 De
1317 295 1477 339 Cnidia

197 363 372 404 'Venere
405 360 670 401 nominatim
702 361 986 410 Athenaeus,
1026 364 1097 412 (3)
1130 373 1292 414 quam,
1334 372 1382 401 vt
1411 362 1473 402 di·

199 427 268 475 xi,
308 423 504 477 Phrynae
528 424 682 465 adimit
704 426 936 475 Clemens,
975 439 1071 465 cum
1096 436 1264 465 ceteras
1279 425 1476 466 Veneres

193 490 247 531 ad
267 490 354 530 eius
375 488 565 530 sormam
595 489 779 544 sculptas
802 490 918 530 fuiss‘e
953 489 1176 529 concedit.
1246 492 1306 530 At
1328 491 1474 533 Crati-

193 565 249 594 na
276 553 436 608 aliqua,
456 562 577 595 tanta
597 552 708 595 fama
731 554 1069 608 pulcritudinis,
1115 565 1204 593 non
1227 565 1247 591 a
1267 553 1474 607 Deipno·

191 618 422 671 sophistis,
465 631 555 660 non
583 619 632 659 ab
660 619 974 675 Alciphrone,
1018 631 1108 659 non
1138 618 1225 658 alio
1258 618 1301 657 in
1342 618 1475 672 scrip-

197 693 300 723 tore
326 684 598 726 celebratur:
638 685 681 727 in
714 686 908 739 Phrynes
928 683 1151 725 venustate
1175 693 1303 736 atque
1324 682 1476 722 illece-

195 747 279 789 bris
306 761 405 791 tota
435 750 636 791 insaniuit
679 750 876 794 Graecia.
947 751 1079 792 Huius
1136 748 1478 802 pulcritudinem

198 812 422 856 foeminae
460 815 666 856 iudicium
707 815 960 857 nobilitauit
1000 815 1050 854 ad
1072 823 1265 854 aetatem
1290 814 1379 854 eius
1399 826 1477 854 co-

192 879 502 931 gnoscendam.
572 875 694 922 Nam
725 892 822 921 cum
861 879 1039 922 Euthias
1082 878 1285 933 Phrynen
1324 877 1477 918 adole-

191 942 429 985 scentulam
460 944 667 994 haberet,
708 947 957 997 Hyperides
988 953 1144 983 orator
1175 942 1475 994 Myrrhinam,

191 1007 265 1046 illa
296 1009 345 1047 ab
369 1007 555 1048 Euthiae
576 1007 890 1048 consuetudine
913 1005 1090 1046 disceffit
1113 1006 1161 1045 ad
1182 1006 1474 1058 Hyperidem,

195 1070 425 1124 Myrrhina
452 1071 503 1110 ad
521 1071 742 1112 Euthiam.
810 1070 1014 1119 Euthiam,
1036 1080 1085 1109 vt
1107 1071 1272 1109 amicae
1295 1070 1480 1122 perfidi--

193 1146 261 1175 am
292 1134 576 1174 vlcisceretur
595 1161 606 1183 ‚
647 1135 788 1175 dicam
821 1133 1016 1182 οἰο-εὲειας
1039 1134 1076 1173 ei
1095 1132 1261 1187 scripsit
1280 1160 1292 1184 ‚
1331 1134 1372 1173 in
1395 1146 1476 1188 qua

196 1196 247 1238 de
276 1198 500 1240 Eleusiniis
526 1199 650 1239 sacris
688 1200 832 1241 nescio
869 1200 970 1254 quid
1008 1199 1185 1247 inerat,
1227 1199 1476 1252 Hyperides

198 1261 405 1302 defendit.
446 1264 513 1320 (4)
551 1263 662 1306 Cum
699 1275 844 1306 autem
886 1265 1046 1304 iudices
1101 1275 1197 1303 eam
1228 1262 1476 1304 damnaturi

194 1328 484 1376 viderentur,
524 1328 743 1368 incertum
801 1341 852 1368 an
910 1329 1156 1381 Hyperides
1184 1328 1393 1367 accedens
1423 1328 1476 1369 ad

196 1403 318 1431 ream
349 1391 583 1432 dilacerata
612 1392 727 1433 veste
757 1405 917 1446 corpus
943 1391 1294 1446 speclofiffimum
1319 1392 1371 1433 ad
1394 1394 1476 1434 mi-

193 1455 477 1496 sericordiam
507 1457 771 1496 mouendam
803 1457 1057 1505 nudauerit,
1098 1469 1150 1496 an
1178 1458 1270 1509 ipsa
1302 1456 1474 1511 percul-

197 1533 238 1560 sa
266 1519 459 1572 periculo
490 1519 601 1561 sciss‘a
627 1520 745 1561 veste
769 1523 973 1575 nudoque
1004 1521 1186 1574 pectore
1232 1520 1283 1561 ad
1342 1522 1477 1575 pedes

200 1585 287 1624 sese
321 1585 551 1637 proiiciens
581 1585 738 1627 iudices
769 1586 1036 1638 perculerit:
1075 1584 1229 1626 diuersi
1251 1585 1475 1627 enimsunt

202 1662 243 1689 et
267 1661 416 1701 graues
446 1650 662 1704 vtrimqne
696 1650 835 1691 testes.
906 1651 1047 1693 Isthuc
1070 1661 1292 1704 tamquam
1314 1650 1366 1690 de
1383 1649 1474 1691 for-

203 1725 271 1752 ma
310 1714 398 1753 eius
442 1713 630 1755 mulieris
678 1716 884 1756 indicium
935 1728 1046 1756 mox
1081 1714 1270 1756 Athenis
1300 1724 1343 1754 et
1374 1724 1474 1756 tota

200 1776 384 1819 Graecia
415 1781 682 1830 percrebuit:
723 1793 779 1822 eo
812 1791 960 1821 motus
994 1780 1235 1821 Praxiteles
1269 1779 1475 1832 Phrynen

202 1840 463 1894 potissimum
488 1843 665 1899 selegit,
707 1848 773 1886 cui
798 1846 1024 1886 Venerem
1060 1847 1174 1884 luam
1196 1843 1334 1884 vellet
1358 1843 1475 1885 simi-

201 1907 302 1946 lem.
373 1908 500 1948 Huius
520 1915 692 1963 tempus
721 1911 868 1951 iudicii
891 1923 912 1950 e
933 1909 1165 1951 Plutarcho
1189 1908 1292 1949 mihi
1317 1909 1475 1950 videor

785 1975 810 2016 S
832 1989 847 2015 s
892 1990 916 2015 2
1394 1974 1472 2014 sta-

316 2073 384 2119 (3)
425 2085 464 2123 p.
504 2087 609 2124 591.
651 2071 915 2128 Πραξιτέλης
963 2069 1004 2115 δ’
1041 2073 1056 2115 ὁ
1101 2070 1473 2129 α’γαλματῡπσιός

197 2134 293 2188 ἐςζν
324 2134 454 2184 αὐτ-ἴς
477 2163 486 2183 ,
527 2138 607 2185 τήν
626 2138 793 2180 Κνιόιειν
811 2135 1070 2193 ΑΦᾶῡδιτην
1087 2134 1165 2185 ἀπ’
1184 2137 1317 2187 α’·,τῒς
1342 2134 1470 2178 exm-

198 2213 324 2239 (T'LTJ.
398 2207 462 2245 (4)
492 2207 654 2246 Alciphron
673 2211 692 2240 l.
714 2221 740 2240 ι.
758 2221 803 2248 cp.
822 2220 869 2249 30.
887 2221 929 2248 31.
944 2220 971 2239 rt
1000 2220 1074 2248 quos
1091 2212 1133 2239 ibi
1147 2210 1322 2249 Stephanus
1339 2209 1474 2246 Burglcr,

205 2262 242 2291 v,
268 2260 302 2289 c.
325 2267 518 2287 amzcusmcus
536 2259 672 2297 produxit
693 2264 790 2293 testes.
