1976 2605
557 180 653 227 276
673 170 910 221 ANNOT.
934 172 1018 219 ΕΤ
1031 172 1265 221 ῈΧΡ.ΑΒ
1277 175 1621 227 REMSCLOP.
1642 184 1811 231 PERT.

557 292 668 332 dinis
689 292 887 345 sclopeti.
907 292 1096 332 Tantum
1120 291 1506 343 ille‚Consuetudo
1529 301 1585 340 est
1599 303 1816 356 vtadglo-

553 356 653 396 bum
683 356 867 407 sclopeti
900 356 1118 395 maiorem
1158 357 1387 398 adhibeant
1425 370 1592 402 tantum
1630 368 1816 417 pulueris

554 426 758 470 quantum
797 416 998 457 modulus
1024 419 1144 470 globi
1170 430 1237 460 ter
1259 423 1456 475 recipere
1482 428 1656 480 potest3
1693 431 1817 472 simi-

552 492 639 521 nor
673 479 802 520 fuerit
830 480 1031 532 globulus
1061 492 1246 535 quatuor
1273 487 1477 526 modulos
1506 490 1621 529 dant.
1655 503 1656 506 ¹

671 539 706 584 §.
751 555 832 593 30.
901 543 1015 585 Mihi
1048 557 1144 585 mos
1173 547 1231 586 est
1271 548 1521 602 sequentem
1557 554 1600 591 in
1637 557 1819 599 modum

552 605 789 656 explorare
822 608 1111 659 quantitatem
1142 611 1326 662 pulueris
1347 614 1666 668 adhibendam3
1702 620 1820 660 One-

552 670 775 708 rationem
813 670 999 723 sclopeti
1033 673 1204 713 adorno
1235 689 1331 715 cum
1363 681 1604 730 quantitate
1635 683 1821 733 pulueris

551 743 677 784 quam
707 733 849 773 iudico
879 736 1223 776 conuenientem
1253 748 1297 777 et
1325 741 1524 793 explodo
1558 743 1815 798 sclopetum.

552 794 597 836 Si
628 794 795 847 placide
827 805 870 836 et
898 797 983 838 fine
1013 801 1234 840 reaffione
1265 802 1329 842 seu
1361 808 1534 858 repulsu
1554 807 1819 861 sclopetiso-

548 857 663 898 lutio
692 854 898 911 procedit
929 888 941 911 ,
982 862 1096 902 addo
1133 863 1290 917 aliquid
1329 868 1540 919 pulueris,
1584 881 1627 911 et
1659 874 1821 913 iterum

549 921 595 960 in
627 926 952 963 exoneratione
985 925 1167 965 obseruo
1199 938 1344 968 vtrum
1376 934 1694 985 retropellatur
1711 937 1821 976 sclo-

550 992 707 1035 petum
737 992 820 1022 etc.
850 984 985 1037 idque
1012 995 1104 1025 tam
1135 989 1203 1026 diu
1228 1000 1422 1043 repeto,
1462 996 1687 1045 puluerem
1710 1000 1820 1040 sem-

550 1058 634 1098 per
668 1047 867 1094 augendo
896 1073 907 1094 ‚
950 1049 1091 1086 donec
1126 1051 1397 1092 reaCtionem
1437 1058 1641 1108 percipio
1666 1088 1678 1110 ‚
1716 1072 1822 1103 tune

553 1107 606 1146 de
640 1107 817 1158 puluere
843 1108 1069 1159 pauculum
1098 1109 1284 1152 detraho
1306 1139 1317 1161 ,
1360 1124 1405 1153 et
1432 1116 1503 1155 illa
1533 1119 1693 1158 vltimo
1752 1124 1819 1160 in-

550 1179 683 1209 uenta
711 1171 922 1221 quantitas
950 1172 1021 1210 dat
1058 1183 1209 1214 veram
1235 1176 1477 1218 mensuram
1501 1180 1689 1232 pulueris
1707 1182 1817 1224 sclo-

551 1243 665 1285 peto
699 1232 1109 1283 proportionalem.

671 1289 708 1336 §.
751 1306 828 1346 37.
898 1298 968 1337 Ad
1000 1297 1222 1348 plumbum
1252 1302 1575 1342 comminutum
1611 1313 1717 1345 vtor
1763 1317 1819 1348 eo

551 1357 739 1397 modulo
777 1370 904 1411 quem
932 1360 985 1400 ad
1020 1360 1246 1412 puluerem
1271 1363 1480 1415 adhibui,
1522 1368 1662 1407 modo
1719 1381 1818 1424 mo-

554 1421 673 1459 dulus
710 1421 973 1462 diametrum
1010 1433 1221 1463 externae
1257 1427 1633 1469 circumferentiae
1664 1444 1816 1484 aequa-

551 1481 640 1521 lem
678 1481 834 1523 habeat
872 1483 1047 1524 orificio
1085 1486 1273 1538 sclopeti
1300 1485 1348 1527 vt
1376 1488 1666 1534 immiss'usnd
1713 1495 1817 1536 illud

551 1545 765 1598 quadret,
809 1556 851 1586 et
889 1546 1090 1589 craffities
1126 1549 1295 1590 moduli
1329 1550 1379 1592 fit
1433 1553 1564 1598 instar
1619 1559 1815 1601 bracteae

552 1607 719 1651 ferreae
757 1612 1017 1652 communis.

1734 2197 1868 2259 Der
