1976 2605
546 154 645 195 268
1000 142 1089 191 DE
1123 142 1380 192 STATVA

543 270 731 312 statuere
759 264 893 322 posse.
963 264 1080 306 Nam
1106 264 1142 303 is
1171 264 1214 303 in
1243 263 1465 318 Hyperide
1495 261 1637 304 scribit
1684 288 1697 313 ,
1746 263 1819 315 (5)

544 334 657 374 hunc
689 341 921 371 oratorem
956 327 1053 368 filio
1081 327 1267 380 expulso
1300 327 1589 369 introduxisse
1631 328 1815 368 domum

545 395 808 438 Mirrhinam
836 420 849 443 ,
898 393 965 433 cui
1000 392 1204 444 Phrynen
1249 391 1473 433 succeffiffe
1517 393 1620 432 dixi.
1687 391 1817 432 Filius

545 469 692 501 autem
723 470 820 498 cum
844 467 970 510 patre
996 458 1170 510 vtique,
1212 457 1372 497 eodem
1398 456 1531 506 teste,
1572 455 1674 504 fuit,
1715 464 1818 495 ante

543 523 748 577 Byzantii
777 521 1052 562 obsidionem
1075 548 1088 572 ,
1129 533 1224 561 cuni
1244 521 1466 575 Philippus
1484 532 1564 562 rex
1590 519 1819 561 Euboeam

544 601 644 627 cum
671 585 796 628 classe
833 596 1025 640 peteret.
1093 585 1351 638 Byzantium
1391 585 1596 626 obsessum
1636 583 1819 636 Olymp.

550 652 672 694 CIX.
707 667 750 702 4.
800 660 850 691 vt
894 663 950 691 ex
985 649 1239 702 Phlegontis
1289 649 1495 690 Tralliani
1533 643 1821 702 Ολυμπιάδων

543 711 806 772 ἀναγραφῇ*
828 715 1117 768 cognouimus
1132 742 1144 764 ,
1164 725 1347 767 quatuor
1370 715 1491 754 annis
1511 723 1612 753 ante
1634 711 1821 763 Philippi

546 781 661 833 regis
691 767 906 820 mortem.
971 778 1112 831 Igitur
1142 788 1184 818 et
1222 779 1423 818 iudicium
1454 779 1505 818 de
1535 775 1705 828 Phryne
1728 787 1822 815 nou

546 843 625 886 nisi
647 843 878 895 postremo
906 841 1097 896 Philippi
1123 852 1333 895 tempore
1356 844 1576 894 pernotum
1601 868 1612 889 ‚
1657 849 1700 879 et
1724 838 1821 891 post

545 907 680 947 isthuc
708 907 913 946 iudicium
939 907 1156 944 celebrata
1183 906 1269 944 iam
1298 906 1468 945 formae
1502 904 1615 943 fama
1649 902 1823 954 Phryne

546 967 776 1013 Eleusiniis
801 968 845 1007 in
876 967 1001 1007 sacris
1030 968 1252 1007 Venerem
1283 967 1457 1005 imitata
1487 978 1509 1005 e
1548 967 1659 1005 mari
1713 978 1822 1018 pro-

547 1031 666 1074 ceffit
688 1031 800 1071 nuda
828 1058 841 1080 ‚
879 1030 1020 1082 sicque
1064 1031 1112 1069 nb
1156 1028 1319 1081 Apelle
1365 1030 1479 1081 pie'ta
1524 1028 1609 1078 est,
1651 1028 1734 1078 sse,
1771 1037 1823 1070 vt

547 1095 692 1145 forma
715 1096 846 1134 docet
873 1093 1122 1143 simulacri,
1154 1105 1176 1132 a
1204 1091 1419 1133 Praxitele
1447 1090 1627 1142 sculpta.
1681 1092 1822 1141 Igitur

550 1170 651 1202 ante
684 1157 773 1199 hoc
801 1167 976 1210 tempus
1003 1170 1024 1196 a
1050 1155 1302 1205 Praxitele,
1344 1155 1411 1194 cui
1451 1163 1640 1206 propter
1681 1153 1822 1206 Cupi·

551 1224 696 1266 dinem
728 1233 1029 1261 marmoreum
1056 1220 1253 1271 Thespiis
1273 1218 1428 1259 deinde
1452 1229 1473 1256 a
1493 1218 1532 1256 se
1556 1216 1821 1266 dedicatum,

552 1288 731 1341 copiam
767 1285 824 1325 sui
853 1286 951 1325 fecit
972 1314 983 1336 ‚
1021 1296 1112 1323 non
1148 1283 1320 1322 videtur
1349 1282 1390 1321 in
1428 1291 1656 1320 marmore
1686 1279 1826 1321 dustai

550 1351 755 1400 Videti57
796 1359 845 1390 vt
871 1362 984 1391 vero
1020 1346 1156 1387 simile
1186 1347 1365 1394 euadat,
1405 1344 1472 1384 seu
1503 1354 1715 1383 extremo
1745 1343 1823 1383 ali-

549 1429 639 1470 quo
668 1424 877 1465 tempore
898 1412 1088 1463 Philippi
1114 1411 1226 1461 regis
1248 1435 1259 1457 ‚
1300 1409 1369 1447 seu
1391 1406 1459 1445 sub
1481 1407 1689 1459 auspiciis,
1706 1406 1826 1460 quod

552 1477 752 1531 equidem
782 1477 939 1515 censeo
959 1503 970 1524 ‚
1008 1471 1252 1514 Alexandri
1279 1470 1345 1512 M.
1378 1468 1557 1511 statuam
1589 1483 1645 1513 ex
1682 1470 1824 1513 offici-

550 1538 863 1583 naProxitelis
886 1536 1108 1592 prodiisse.

669 1664 788 1707 Duas
819 1665 1019 1705 Veneres
1043 1661 1281 1704 Praxiteles
1309 1660 1410 1701 fecit
1448 1661 1610 1701 eodem
1639 1670 1822 1716 tempo·

549 1743 625 1781 re,
665 1730 847 1770 alteram
874 1728 1021 1769 velato
1048 1740 1244 1781 corpore
1263 1752 1276 1775 ,
1315 1724 1496 1765 alteram
1523 1727 1693 1766 nudam.
1765 1725 1824 1767 11-

551 1795 637 1837 Iim
672 1795 758 1837 Coi
788 1821 800 1844 ‚
840 1793 983 1846 quibus
1019 1793 1146 1845 optio
1185 1789 1332 1831 relicitu
1361 1790 1460 1839 fuit,
1504 1789 1824 1842 praetulerunt,

553 1859 844 1902 verecundiae
881 1867 1184 1897 matronarum
1214 1855 1377 1894 suarum
1408 1853 1696 1903 consulentes,
1712 1853 1825 1894 hanc

557 1924 705 1966 Cnidii
737 1931 968 1962 emerunt:
1003 1921 1175 1972 vti-ique
1205 1917 1326 1971 figno
1354 1918 1591 1959 Praxiteles
1629 1918 1824 1970 pretium

552 1989 757 2029 statuerat
785 1986 918 2025 idem.
987 1985 1162 2026 Famam
1198 1992 1346 2022 tamen
1388 1981 1544 2023 Cnidia
1592 1981 1734 2022 multo
1764 1979 1824 2021 est

554 2050 786 2093 consecuta
827 2049 1133 2090 celebriorem.
1201 2049 1269 2097 (6)
1305 2046 1449 2088 Aedes
1487 2047 1672 2086 Veneris
1710 2043 1826 2097 apud

1709 2108 1825 2151 Cni-

640 2208 688 2247 (ς)
712 2216 743 2245 Ρ,
766 2207 846 2245 849.
884 2207 943 2244 (6)
969 2205 1095 2236 Luciani
1115 2205 1239 2234 Amores
1255 2212 1284 2241 p.
1313 2201 1464 2241 gssoiseq.
1505 2188 1508 2191 ¹
