<?xml version="1.0" encoding="UTF-8"?>
<!DOCTYPE html PUBLIC "-//W3C//DTD XHTML 1.0 Transitional//EN"
    "http://www.w3.org/TR/xhtml1/DTD/xhtml1-transitional.dtd">
<html xmlns="http://www.w3.org/1999/xhtml" xml:lang="en" lang="en">
 <head>
  <title>
</title>
<meta http-equiv="Content-Type" content="text/html;charset=utf-8" />
  <meta name='ocr-system' content='tesseract 3.04.00' />
  <meta name='ocr-capabilities' content='ocr_page ocr_carea ocr_par ocr_line ocrx_word'/>
</head>
<body>
  <div class='ocr_page' id='page_1' title='image "./commentariiacade04impe/commentariiacade04impe_0029.png"; bbox 0 0 1976 2605; ppageno 0'>
   <div class='ocr_carea' id='block_1_1' title="bbox 192 139 1484 202">
    <p class='ocr_par' dir='ltr' id='par_1_1' title="bbox 192 139 1484 202">
     <span class='ocr_line' id='line_1_1' title="bbox 192 139 1484 202; baseline -0.009 -2"><span class='ocrx_word' id='word_1_1' title='bbox 192 146 491 200; x_wconf 84' lang='lat' dir='ltr'><em>CARTESII</em></span> <span class='ocrx_word' id='word_1_2' title='bbox 512 141 845 195; x_wconf 88' lang='lat' dir='ltr'><strong><em>CONCINNE</em></strong></span> <span class='ocrx_word' id='word_1_3' title='bbox 865 139 1392 195; x_wconf 84' lang='lat' dir='ltr'><strong><em>CONSTRUENDIS.</em></strong></span> <span class='ocrx_word' id='word_1_4' title='bbox 1428 165 1442 191; x_wconf 91' lang='lat'>1</span> <span class='ocrx_word' id='word_1_5' title='bbox 1458 166 1484 202; x_wconf 81' lang='lat'>7</span> 
     </span>
    </p>
   </div>
   <div class='ocr_carea' id='block_1_2' title="bbox 188 267 1487 765">
    <p class='ocr_par' dir='ltr' id='par_1_2' title="bbox 188 267 1487 765">
     <span class='ocr_line' id='line_1_2' title="bbox 326 267 1487 327; baseline -0.006 -11"><span class='ocrx_word' id='word_1_6' title='bbox 326 271 413 316; x_wconf 88' lang='lat' dir='ltr'>Sed</span> <span class='ocrx_word' id='word_1_7' title='bbox 434 271 612 327; x_wconf 83' lang='lat' dir='ltr'>prolixa</span> <span class='ocrx_word' id='word_1_8' title='bbox 628 269 720 312; x_wconf 81' lang='lat' dir='ltr'>haec</span> <span class='ocrx_word' id='word_1_9' title='bbox 736 268 1003 313; x_wconf 87' lang='lat' dir='ltr'>Schootenii</span> <span class='ocrx_word' id='word_1_10' title='bbox 1022 267 1252 324; x_wconf 83' lang='lat' dir='ltr'>diligentia</span> <span class='ocrx_word' id='word_1_11' title='bbox 1273 268 1487 312; x_wconf 83' lang='lat' dir='ltr'>successo·</span> 
     </span>
     <span class='ocr_line' id='line_1_3' title="bbox 190 333 1485 393; baseline -0.004 -13"><span class='ocrx_word' id='word_1_12' title='bbox 190 338 304 380; x_wconf 82' lang='lat' dir='ltr'>ribus</span> <span class='ocrx_word' id='word_1_13' title='bbox 334 333 646 393; x_wconf 88' lang='lat' dir='ltr'>proculdubio</span> <span class='ocrx_word' id='word_1_14' title='bbox 675 335 818 376; x_wconf 83' lang='lat' dir='ltr'>ansam</span> <span class='ocrx_word' id='word_1_15' title='bbox 851 335 972 375; x_wconf 89' lang='lat' dir='ltr'>dedit</span> <span class='ocrx_word' id='word_1_16' title='bbox 1001 334 1101 376; x_wconf 85' lang='lat' dir='ltr'>alias</span> <span class='ocrx_word' id='word_1_17' title='bbox 1126 336 1216 377; x_wconf 81' lang='lat' dir='ltr'>vias</span> <span class='ocrx_word' id='word_1_18' title='bbox 1245 337 1288 377; x_wconf 90' lang='lat' dir='ltr'>in</span> <span class='ocrx_word' id='word_1_19' title='bbox 1321 334 1485 376; x_wconf 70' lang='lat' dir='ltr'>doctri-</span> 
     </span>
     <span class='ocr_line' id='line_1_4' title="bbox 193 398 1481 452; baseline -0.003 -9"><span class='ocrx_word' id='word_1_20' title='bbox 193 415 245 443; x_wconf 85' lang='lat' dir='ltr'>na</span> <span class='ocrx_word' id='word_1_21' title='bbox 273 404 480 446; x_wconf 87' lang='lat' dir='ltr'>locorum</span> <span class='ocrx_word' id='word_1_22' title='bbox 518 399 745 449; x_wconf 83' lang='lat' dir='ltr'>tentandi,</span> <span class='ocrx_word' id='word_1_23' title='bbox 783 411 875 452; x_wconf 86' lang='lat' dir='ltr'>quae</span> <span class='ocrx_word' id='word_1_24' title='bbox 900 398 1038 452; x_wconf 87' lang='lat' dir='ltr'>magis</span> <span class='ocrx_word' id='word_1_25' title='bbox 1076 399 1302 452; x_wconf 66' lang='lat' dir='ltr'>expeditae</span> <span class='ocrx_word' id='word_1_26' title='bbox 1331 399 1481 442; x_wconf 83' lang='lat' dir='ltr'>cffcnt.</span> 
     </span>
     <span class='ocr_line' id='line_1_5' title="bbox 189 460 1484 518; baseline -0.003 -8"><span class='ocrx_word' id='word_1_27' title='bbox 189 467 307 510; x_wconf 82' lang='lat' dir='ltr'>Nam</span> <span class='ocrx_word' id='word_1_28' title='bbox 328 467 396 509; x_wconf 88' lang='lat' dir='ltr'>Ill.</span> <span class='ocrx_word' id='word_1_29' title='bbox 421 464 519 518; x_wconf 78' lang='lat' dir='ltr'>Joh.</span> <span class='ocrx_word' id='word_1_30' title='bbox 547 463 591 504; x_wconf 85' lang='lat' dir='ltr'>de</span> <span class='ocrx_word' id='word_1_31' title='bbox 616 460 730 502; x_wconf 84' lang='lat' dir='ltr'>Witt</span> <span class='ocrx_word' id='word_1_32' title='bbox 757 462 802 502; x_wconf 88' lang='lat' dir='ltr'>in</span> <span class='ocrx_word' id='word_1_33' title='bbox 829 462 1061 503; x_wconf 82' lang='lat' dir='ltr'>elementis</span> <span class='ocrx_word' id='word_1_34' title='bbox 1080 461 1299 504; x_wconf 86' lang='lat' dir='ltr'>linearum</span> <span class='ocrx_word' id='word_1_35' title='bbox 1330 477 1484 506; x_wconf 86' lang='lat' dir='ltr'>curva-</span> 
     </span>
     <span class='ocr_line' id='line_1_6' title="bbox 190 525 1484 584; baseline -0.002 -11"><span class='ocrx_word' id='word_1_36' title='bbox 190 544 287 573; x_wconf 86' lang='lat' dir='ltr'>rum</span> <span class='ocrx_word' id='word_1_37' title='bbox 327 529 587 584; x_wconf 85' lang='lat' dir='ltr'>geometriae</span> <span class='ocrx_word' id='word_1_38' title='bbox 626 525 810 570; x_wconf 86' lang='lat' dir='ltr'>Cartefii</span> <span class='ocrx_word' id='word_1_39' title='bbox 839 526 1055 576; x_wconf 84' lang='lat' dir='ltr'>annexis,</span> <span class='ocrx_word' id='word_1_40' title='bbox 1097 528 1369 582; x_wconf 84' lang='lat' dir='ltr'>aequationes</span> <span class='ocrx_word' id='word_1_41' title='bbox 1395 527 1484 571; x_wconf 85' lang='lat' dir='ltr'>suas</span> 
     </span>
     <span class='ocr_line' id='line_1_7' title="bbox 191 590 1479 646; baseline -0.001 -11"><span class='ocrx_word' id='word_1_42' title='bbox 191 595 355 639; x_wconf 82' lang='lat' dir='ltr'>locales</span> <span class='ocrx_word' id='word_1_43' title='bbox 382 605 426 636; x_wconf 89' lang='lat' dir='ltr'>ut</span> <span class='ocrx_word' id='word_1_44' title='bbox 453 594 558 634; x_wconf 87' lang='lat' dir='ltr'>libet</span> <span class='ocrx_word' id='word_1_45' title='bbox 577 590 876 646; x_wconf 81' lang='lat' dir='ltr'>compositas,</span> <span class='ocrx_word' id='word_1_46' title='bbox 918 591 971 632; x_wconf 87' lang='lat' dir='ltr'>ad</span> <span class='ocrx_word' id='word_1_47' title='bbox 993 591 1263 645; x_wconf 83' lang='lat' dir='ltr'>aequationes</span> <span class='ocrx_word' id='word_1_48' title='bbox 1284 593 1479 646; x_wconf 84' lang='lat' dir='ltr'>primiti-</span> 
     </span>
     <span class='ocr_line' id='line_1_8' title="bbox 191 656 1481 701; baseline -0.002 0"><span class='ocrx_word' id='word_1_49' title='bbox 191 673 262 701; x_wconf 80' lang='lat' dir='ltr'>vas</span> <span class='ocrx_word' id='word_1_50' title='bbox 298 660 532 700; x_wconf 68' lang='lat' dir='ltr'>sectionum</span> <span class='ocrx_word' id='word_1_51' title='bbox 572 657 829 698; x_wconf 82' lang='lat' dir='ltr'>conicarum</span> <span class='ocrx_word' id='word_1_52' title='bbox 869 656 1082 698; x_wconf 87' lang='lat' dir='ltr'>reducere</span> <span class='ocrx_word' id='word_1_53' title='bbox 1124 656 1294 699; x_wconf 88' lang='lat' dir='ltr'>docuit.</span> <span class='ocrx_word' id='word_1_54' title='bbox 1381 659 1481 699; x_wconf 88' lang='lat' dir='ltr'>Hoc</span> 
     </span>
     <span class='ocr_line' id='line_1_9' title="bbox 188 720 1478 765; baseline 0.001 -2"><span class='ocrx_word' id='word_1_55' title='bbox 188 723 327 763; x_wconf 90' lang='lat' dir='ltr'>modo</span> <span class='ocrx_word' id='word_1_56' title='bbox 359 723 477 765; x_wconf 86' lang='lat' dir='ltr'>viam</span> <span class='ocrx_word' id='word_1_57' title='bbox 513 722 564 764; x_wconf 90' lang='lat' dir='ltr'>ad</span> <span class='ocrx_word' id='word_1_58' title='bbox 600 721 950 764; x_wconf 69' lang='lat' dir='ltr'>constructiones</span> <span class='ocrx_word' id='word_1_59' title='bbox 978 720 1150 764; x_wconf 80' lang='lat' dir='ltr'>facilem</span> <span class='ocrx_word' id='word_1_60' title='bbox 1179 722 1371 765; x_wconf 88' lang='lat' dir='ltr'>sternere</span> <span class='ocrx_word' id='word_1_61' title='bbox 1399 735 1478 764; x_wconf 90' lang='lat' dir='ltr'>co-</span> 
     </span>
    </p>
   </div>
   <div class='ocr_carea' id='block_1_3' title="bbox 179 787 1477 1231">
    <p class='ocr_par' dir='ltr' id='par_1_3' title="bbox 187 787 409 829">
     <span class='ocr_line' id='line_1_10' title="bbox 187 787 409 829; baseline 0 -3"><span class='ocrx_word' id='word_1_62' title='bbox 187 797 308 829; x_wconf 87' lang='lat' dir='ltr'>natus</span> <span class='ocrx_word' id='word_1_63' title='bbox 337 787 409 828; x_wconf 89' lang='lat' dir='ltr'>est.</span> 
     </span>
    </p>

    <p class='ocr_par' dir='ltr' id='par_1_4' title="bbox 179 849 1477 1231">
     <span class='ocr_line' id='line_1_11' title="bbox 313 849 1476 905; baseline 0.001 -12"><span class='ocrx_word' id='word_1_64' title='bbox 313 850 397 893; x_wconf 85' lang='lat' dir='ltr'>Sed</span> <span class='ocrx_word' id='word_1_65' title='bbox 417 850 513 905; x_wconf 86' lang='lat' dir='ltr'>quia</span> <span class='ocrx_word' id='word_1_66' title='bbox 535 849 653 892; x_wconf 88' lang='lat' dir='ltr'>forte</span> <span class='ocrx_word' id='word_1_67' title='bbox 678 862 816 905; x_wconf 85' lang='lat' dir='ltr'>neque</span> <span class='ocrx_word' id='word_1_68' title='bbox 844 850 936 891; x_wconf 70' lang='lat' dir='ltr'>haec</span> <span class='ocrx_word' id='word_1_69' title='bbox 959 850 1198 893; x_wconf 87' lang='lat' dir='ltr'>methodus</span> <span class='ocrx_word' id='word_1_70' title='bbox 1218 851 1315 894; x_wconf 81' lang='lat' dir='ltr'>satis</span> <span class='ocrx_word' id='word_1_71' title='bbox 1333 852 1476 894; x_wconf 73' lang='lat' dir='ltr'>brevis</span> 
     </span>
     <span class='ocr_line' id='line_1_12' title="bbox 185 914 1477 970; baseline 0.002 -15"><span class='ocrx_word' id='word_1_72' title='bbox 185 914 268 956; x_wconf 76' lang='lat' dir='ltr'>visa</span> <span class='ocrx_word' id='word_1_73' title='bbox 291 916 374 967; x_wconf 89' lang='lat' dir='ltr'>est,</span> <span class='ocrx_word' id='word_1_74' title='bbox 403 917 504 957; x_wconf 90' lang='lat' dir='ltr'>ideo</span> <span class='ocrx_word' id='word_1_75' title='bbox 524 916 566 956; x_wconf 86' lang='lat' dir='ltr'>in</span> <span class='ocrx_word' id='word_1_76' title='bbox 588 916 688 957; x_wconf 81' lang='lat' dir='ltr'>alias</span> <span class='ocrx_word' id='word_1_77' title='bbox 707 915 843 957; x_wconf 81' lang='lat' dir='ltr'>adhuc</span> <span class='ocrx_word' id='word_1_78' title='bbox 863 915 1123 959; x_wconf 66' lang='lat' dir='ltr'>Geometras:</span> <span class='ocrx_word' id='word_1_79' title='bbox 1147 917 1477 970; x_wconf 67' lang='lat' dir='ltr'>inquisiverunt.</span> 
     </span>
     <span class='ocr_line' id='line_1_13' title="bbox 184 977 1475 1040; baseline 0.001 -19"><span class='ocrx_word' id='word_1_80' title='bbox 184 979 296 1021; x_wconf 76' lang='lat' dir='ltr'>Sane</span> <span class='ocrx_word' id='word_1_81' title='bbox 317 982 398 1021; x_wconf 87' lang='lat' dir='ltr'>Vir</span> <span class='ocrx_word' id='word_1_82' title='bbox 418 981 485 1024; x_wconf 90' lang='lat' dir='ltr'>Cl.</span> <span class='ocrx_word' id='word_1_83' title='bbox 503 978 604 1031; x_wconf 77' lang='lat' dir='ltr'>Joh.</span> <span class='ocrx_word' id='word_1_84' title='bbox 626 977 778 1036; x_wconf 78' lang='lat' dir='ltr'>Craige</span> <span class='ocrx_word' id='word_1_85' title='bbox 798 981 851 1021; x_wconf 85' lang='lat' dir='ltr'>ad</span> <span class='ocrx_word' id='word_1_86' title='bbox 871 980 1037 1022; x_wconf 83' lang='lat' dir='ltr'>calcem</span> <span class='ocrx_word' id='word_1_87' title='bbox 1057 982 1265 1023; x_wconf 62' lang='lat' dir='ltr'>tractatus</span> <span class='ocrx_word' id='word_1_88' title='bbox 1286 983 1338 1023; x_wconf 87' lang='lat' dir='ltr'>de</span> <span class='ocrx_word' id='word_1_89' title='bbox 1354 977 1475 1040; x_wconf 67' lang='lat' dir='ltr'>⁴Qua-</span> 
     </span>
     <span class='ocr_line' id='line_1_14' title="bbox 182 1042 1475 1100; baseline 0.005 -18"><span class='ocrx_word' id='word_1_90' title='bbox 182 1042 371 1086; x_wconf 72' lang='lat' dir='ltr'>draturis</span> <span class='ocrx_word' id='word_1_91' title='bbox 394 1074 404 1095; x_wconf 91' lang='lat'>‚</span> <span class='ocrx_word' id='word_1_92' title='bbox 453 1058 581 1100; x_wconf 88' lang='lat' dir='ltr'>quem</span> <span class='ocrx_word' id='word_1_93' title='bbox 615 1058 732 1087; x_wconf 88' lang='lat' dir='ltr'>auno</span> <span class='ocrx_word' id='word_1_94' title='bbox 768 1050 892 1098; x_wconf 80' lang='lat'><strong>1693</strong></span> <span class='ocrx_word' id='word_1_95' title='bbox 930 1045 1122 1087; x_wconf 88' lang='lat' dir='ltr'>Londini</span> <span class='ocrx_word' id='word_1_96' title='bbox 1152 1046 1288 1087; x_wconf 83' lang='lat' dir='ltr'>edidit</span> <span class='ocrx_word' id='word_1_97' title='bbox 1311 1073 1324 1096; x_wconf 91' lang='lat'>,</span> <span class='ocrx_word' id='word_1_98' title='bbox 1378 1059 1475 1089; x_wconf 86' lang='lat' dir='ltr'>rem</span> 
     </span>
     <span class='ocr_line' id='line_1_15' title="bbox 181 1109 1474 1166; baseline 0.003 -17"><span class='ocrx_word' id='word_1_99' title='bbox 181 1109 330 1161; x_wconf 69' lang='lat' dir='ltr'>paullo</span> <span class='ocrx_word' id='word_1_100' title='bbox 353 1110 481 1151; x_wconf 86' lang='lat' dir='ltr'>aliter</span> <span class='ocrx_word' id='word_1_101' title='bbox 501 1110 718 1165; x_wconf 69' lang='lat' dir='ltr'>aggressus</span> <span class='ocrx_word' id='word_1_102' title='bbox 737 1111 810 1151; x_wconf 86' lang='lat' dir='ltr'>est.</span> <span class='ocrx_word' id='word_1_103' title='bbox 879 1111 986 1153; x_wconf 91' lang='lat' dir='ltr'>Non</span> <span class='ocrx_word' id='word_1_104' title='bbox 1007 1112 1125 1152; x_wconf 90' lang='lat' dir='ltr'>enim</span> <span class='ocrx_word' id='word_1_105' title='bbox 1148 1123 1204 1152; x_wconf 88' lang='lat' dir='ltr'>ex</span> <span class='ocrx_word' id='word_1_106' title='bbox 1225 1111 1474 1166; x_wconf 81' lang='lat' dir='ltr'>aequatione</span> 
     </span>
     <span class='ocr_line' id='line_1_16' title="bbox 179 1174 1474 1231; baseline 0.005 -19"><span class='ocrx_word' id='word_1_107' title='bbox 179 1174 493 1227; x_wconf 88' lang='lat' dir='ltr'>construenda,</span> <span class='ocrx_word' id='word_1_108' title='bbox 529 1174 803 1229; x_wconf 75' lang='lat' dir='ltr'>positionem</span> <span class='ocrx_word' id='word_1_109' title='bbox 826 1186 869 1216; x_wconf 91' lang='lat' dir='ltr'>et</span> <span class='ocrx_word' id='word_1_110' title='bbox 891 1176 1245 1231; x_wconf 84' lang='lat' dir='ltr'>magnitudinem</span> <span class='ocrx_word' id='word_1_111' title='bbox 1266 1176 1474 1218; x_wconf 82' lang='lat' dir='ltr'>diametri</span> 
     </span>
    </p>
   </div>
   <div class='ocr_carea' id='block_1_4' title="bbox 180 1233 1472 1353">
    <p class='ocr_par' dir='ltr' id='par_1_5' title="bbox 180 1233 1472 1353">
     <span class='ocr_line' id='line_1_17' title="bbox 181 1233 1470 1293; baseline 0.003 -17"><span class='ocrx_word' id='word_1_112' title='bbox 181 1233 349 1293; x_wconf 79' lang='lat' dir='ltr'>ejusque</span> <span class='ocrx_word' id='word_1_113' title='bbox 379 1241 618 1293; x_wconf 83' lang='lat' dir='ltr'>parametri</span> <span class='ocrx_word' id='word_1_114' title='bbox 650 1253 803 1282; x_wconf 88' lang='lat' dir='ltr'>eruere</span> <span class='ocrx_word' id='word_1_115' title='bbox 831 1239 1040 1291; x_wconf 87' lang='lat' dir='ltr'>suscepit,</span> <span class='ocrx_word' id='word_1_116' title='bbox 1080 1241 1151 1281; x_wconf 90' lang='lat' dir='ltr'>sed</span> <span class='ocrx_word' id='word_1_117' title='bbox 1180 1254 1257 1292; x_wconf 91' lang='lat' dir='ltr'>per</span> <span class='ocrx_word' id='word_1_118' title='bbox 1286 1251 1470 1293; x_wconf 83' lang='lat' dir='ltr'>compa-</span> 
     </span>
     <span class='ocr_line' id='line_1_18' title="bbox 180 1301 1472 1353; baseline 0.005 -15"><span class='ocrx_word' id='word_1_119' title='bbox 180 1304 407 1339; x_wconf 82' lang='lat' dir='ltr'>rationem</span> <span class='ocrx_word' id='word_1_120' title='bbox 444 1302 711 1349; x_wconf 83' lang='lat' dir='ltr'>smgulorum</span> <span class='ocrx_word' id='word_1_121' title='bbox 740 1301 1035 1339; x_wconf 85' lang='lat' dir='ltr'>terminorum</span> <span class='ocrx_word' id='word_1_122' title='bbox 1067 1302 1324 1353; x_wconf 85' lang='lat' dir='ltr'>aequationis</span> <span class='ocrx_word' id='word_1_123' title='bbox 1362 1316 1472 1344; x_wconf 86' lang='lat' dir='ltr'>con·</span> 
     </span>
    </p>
   </div>
   <div class='ocr_carea' id='block_1_5' title="bbox 168 1360 1469 2190">
    <p class='ocr_par' dir='ltr' id='par_1_6' title="bbox 174 1360 1469 1801">
     <span class='ocr_line' id='line_1_19' title="bbox 179 1360 1469 1418; baseline 0.002 -18"><span class='ocrx_word' id='word_1_124' title='bbox 179 1360 410 1407; x_wconf 63' lang='lat' dir='ltr'>struendae,</span> <span class='ocrx_word' id='word_1_125' title='bbox 453 1372 549 1398; x_wconf 88' lang='lat' dir='ltr'>cum</span> <span class='ocrx_word' id='word_1_126' title='bbox 581 1360 773 1398; x_wconf 89' lang='lat' dir='ltr'>totidem</span> <span class='ocrx_word' id='word_1_127' title='bbox 806 1360 1007 1398; x_wconf 87' lang='lat' dir='ltr'>terminis</span> <span class='ocrx_word' id='word_1_128' title='bbox 1032 1360 1294 1415; x_wconf 85' lang='lat' dir='ltr'>homologis</span> <span class='ocrx_word' id='word_1_129' title='bbox 1328 1377 1469 1418; x_wconf 82' lang='lat' dir='ltr'>aequa-</span> 
     </span>
     <span class='ocr_line' id='line_1_20' title="bbox 178 1420 1468 1479; baseline 0.005 -17"><span class='ocrx_word' id='word_1_130' title='bbox 178 1424 310 1463; x_wconf 76' lang='lat' dir='ltr'>tionis</span> <span class='ocrx_word' id='word_1_131' title='bbox 321 1421 537 1476; x_wconf 74' lang='lat' dir='ltr'>generalis</span> <span class='ocrx_word' id='word_1_132' title='bbox 556 1420 667 1462; x_wconf 85' lang='lat' dir='ltr'>illius</span> <span class='ocrx_word' id='word_1_133' title='bbox 686 1420 889 1463; x_wconf 68' lang='lat' dir='ltr'>sectionis</span> <span class='ocrx_word' id='word_1_134' title='bbox 908 1423 1090 1474; x_wconf 84' lang='lat' dir='ltr'>conicae,</span> <span class='ocrx_word' id='word_1_135' title='bbox 1111 1437 1203 1479; x_wconf 79' lang='lat' dir='ltr'>qua:</span> <span class='ocrx_word' id='word_1_136' title='bbox 1225 1425 1276 1466; x_wconf 85' lang='lat' dir='ltr'>ad</span> <span class='ocrx_word' id='word_1_137' title='bbox 1296 1439 1388 1467; x_wconf 91' lang='lat' dir='ltr'>rem</span> <span class='ocrx_word' id='word_1_138' title='bbox 1407 1427 1468 1470; x_wconf 78' lang='lat' dir='ltr'>fa-</span> 
     </span>
     <span class='ocr_line' id='line_1_21' title="bbox 176 1484 1466 1542; baseline 0.006 -16"><span class='ocrx_word' id='word_1_139' title='bbox 176 1487 259 1537; x_wconf 88' lang='lat' dir='ltr'>cit,</span> <span class='ocrx_word' id='word_1_140' title='bbox 303 1487 450 1527; x_wconf 86' lang='lat' dir='ltr'>omnia</span> <span class='ocrx_word' id='word_1_141' title='bbox 472 1498 522 1526; x_wconf 86' lang='lat' dir='ltr'>ea</span> <span class='ocrx_word' id='word_1_142' title='bbox 550 1484 699 1536; x_wconf 88' lang='lat' dir='ltr'>elicit,</span> <span class='ocrx_word' id='word_1_143' title='bbox 739 1499 829 1541; x_wconf 85' lang='lat' dir='ltr'>quae</span> <span class='ocrx_word' id='word_1_144' title='bbox 851 1487 903 1528; x_wconf 84' lang='lat' dir='ltr'>ad</span> <span class='ocrx_word' id='word_1_145' title='bbox 921 1485 1010 1528; x_wconf 87' lang='lat' dir='ltr'>loci</span> <span class='ocrx_word' id='word_1_146' title='bbox 1029 1488 1192 1542; x_wconf 85' lang='lat' dir='ltr'>quaefiti</span> <span class='ocrx_word' id='word_1_147' title='bbox 1212 1491 1466 1535; x_wconf 74' lang='lat' dir='ltr'>construeti-</span> 
     </span>
     <span class='ocr_line' id='line_1_22' title="bbox 177 1549 1464 1610; baseline 0.006 -19"><span class='ocrx_word' id='word_1_148' title='bbox 177 1562 310 1592; x_wconf 85' lang='lat' dir='ltr'>onem</span> <span class='ocrx_word' id='word_1_149' title='bbox 332 1552 622 1605; x_wconf 86' lang='lat' dir='ltr'>requiruntur.</span> <span class='ocrx_word' id='word_1_150' title='bbox 679 1549 819 1593; x_wconf 87' lang='lat' dir='ltr'>Dedit</span> <span class='ocrx_word' id='word_1_151' title='bbox 842 1552 945 1593; x_wconf 90' lang='lat' dir='ltr'>ideo</span> <span class='ocrx_word' id='word_1_152' title='bbox 965 1565 1050 1608; x_wconf 89' lang='lat' dir='ltr'>pro</span> <span class='ocrx_word' id='word_1_153' title='bbox 1071 1553 1242 1610; x_wconf 75' lang='lat' dir='ltr'>singulis</span> <span class='ocrx_word' id='word_1_154' title='bbox 1262 1555 1464 1599; x_wconf 55' lang='lat' dir='ltr'>sectioni-</span> 
     </span>
     <span class='ocr_line' id='line_1_23' title="bbox 174 1615 1464 1678; baseline 0.007 -23"><span class='ocrx_word' id='word_1_155' title='bbox 174 1615 246 1656; x_wconf 79' lang='lat' dir='ltr'>bus</span> <span class='ocrx_word' id='word_1_156' title='bbox 274 1617 438 1657; x_wconf 85' lang='lat' dir='ltr'>conicis</span> <span class='ocrx_word' id='word_1_157' title='bbox 468 1617 737 1671; x_wconf 78' lang='lat' dir='ltr'>aequationes</span> <span class='ocrx_word' id='word_1_158' title='bbox 761 1617 1011 1673; x_wconf 84' lang='lat' dir='ltr'>generales,</span> <span class='ocrx_word' id='word_1_159' title='bbox 1054 1619 1105 1659; x_wconf 83' lang='lat' dir='ltr'>ad</span> <span class='ocrx_word' id='word_1_160' title='bbox 1125 1633 1234 1675; x_wconf 81' lang='lat' dir='ltr'>quos</span> <span class='ocrx_word' id='word_1_161' title='bbox 1255 1621 1464 1678; x_wconf 72' lang='lat' dir='ltr'>deinceps</span> 
     </span>
     <span class='ocr_line' id='line_1_24' title="bbox 175 1681 1462 1738; baseline 0.007 -17"><span class='ocrx_word' id='word_1_162' title='bbox 175 1692 357 1722; x_wconf 87' lang='lat' dir='ltr'>omnem</span> <span class='ocrx_word' id='word_1_163' title='bbox 387 1682 681 1736; x_wconf 76' lang='lat' dir='ltr'>:equationcm</span> <span class='ocrx_word' id='word_1_164' title='bbox 712 1681 904 1724; x_wconf 84' lang='lat' dir='ltr'>localem</span> <span class='ocrx_word' id='word_1_165' title='bbox 934 1684 1115 1738; x_wconf 85' lang='lat' dir='ltr'>exigere</span> <span class='ocrx_word' id='word_1_166' title='bbox 1137 1695 1181 1725; x_wconf 89' lang='lat' dir='ltr'>et</span> <span class='ocrx_word' id='word_1_167' title='bbox 1207 1686 1462 1730; x_wconf 64' lang='lat' dir='ltr'>construeti-</span> 
     </span>
     <span class='ocr_line' id='line_1_25' title="bbox 176 1745 1464 1801; baseline 0.008 -17"><span class='ocrx_word' id='word_1_168' title='bbox 176 1756 308 1786; x_wconf 84' lang='lat' dir='ltr'>onem</span> <span class='ocrx_word' id='word_1_169' title='bbox 335 1746 433 1786; x_wconf 89' lang='lat' dir='ltr'>inde</span> <span class='ocrx_word' id='word_1_170' title='bbox 455 1747 655 1788; x_wconf 71' lang='lat' dir='ltr'>derivare</span> <span class='ocrx_word' id='word_1_171' title='bbox 672 1747 830 1801; x_wconf 81' lang='lat' dir='ltr'>posset.</span> <span class='ocrx_word' id='word_1_172' title='bbox 1461 1745 1464 1747; x_wconf 38' lang='lat'>⁵</span> 
     </span>
    </p>

    <p class='ocr_par' dir='ltr' id='par_1_7' title="bbox 168 1810 1459 2190">
     <span class='ocr_line' id='line_1_26' title="bbox 298 1810 1459 1870; baseline 0.007 -19"><span class='ocrx_word' id='word_1_173' title='bbox 298 1810 355 1851; x_wconf 91' lang='lat' dir='ltr'>Ut</span> <span class='ocrx_word' id='word_1_174' title='bbox 377 1810 558 1864; x_wconf 85' lang='lat' dir='ltr'>pulchra</span> <span class='ocrx_word' id='word_1_175' title='bbox 585 1811 643 1853; x_wconf 89' lang='lat' dir='ltr'>est</span> <span class='ocrx_word' id='word_1_176' title='bbox 670 1812 761 1854; x_wconf 83' lang='lat' dir='ltr'>haec</span> <span class='ocrx_word' id='word_1_177' title='bbox 791 1813 1054 1866; x_wconf 87' lang='lat' dir='ltr'>methodus,</span> <span class='ocrx_word' id='word_1_178' title='bbox 1096 1815 1156 1857; x_wconf 86' lang='lat' dir='ltr'>ita</span> <span class='ocrx_word' id='word_1_179' title='bbox 1186 1829 1277 1857; x_wconf 90' lang='lat' dir='ltr'>non</span> <span class='ocrx_word' id='word_1_180' title='bbox 1304 1829 1459 1870; x_wconf 83' lang='lat' dir='ltr'>parum</span> 
     </span>
     <span class='ocr_line' id='line_1_27' title="bbox 171 1873 1459 1935; baseline 0.008 -22"><span class='ocrx_word' id='word_1_181' title='bbox 171 1873 343 1914; x_wconf 85' lang='lat' dir='ltr'>videtur</span> <span class='ocrx_word' id='word_1_182' title='bbox 364 1876 564 1929; x_wconf 82' lang='lat' dir='ltr'>placuisse</span> <span class='ocrx_word' id='word_1_183' title='bbox 585 1875 859 1920; x_wconf 88' lang='lat' dir='ltr'>Geometris.</span> <span class='ocrx_word' id='word_1_184' title='bbox 931 1881 1046 1922; x_wconf 89' lang='lat' dir='ltr'>Nam</span> <span class='ocrx_word' id='word_1_185' title='bbox 1067 1875 1394 1935; x_wconf 64' lang='lat' dir='ltr'>IILqupitalius</span> <span class='ocrx_word' id='word_1_186' title='bbox 1414 1884 1459 1923; x_wconf 89' lang='lat' dir='ltr'>in</span> 
     </span>
     <span class='ocr_line' id='line_1_28' title="bbox 172 1939 1457 1993; baseline 0.007 -15"><span class='ocrx_word' id='word_1_187' title='bbox 172 1939 355 1980; x_wconf 58' lang='lat' dir='ltr'>tractatu</span> <span class='ocrx_word' id='word_1_188' title='bbox 376 1940 449 1984; x_wconf 85' lang='lat' dir='ltr'>sno</span> <span class='ocrx_word' id='word_1_189' title='bbox 472 1939 709 1993; x_wconf 86' lang='lat' dir='ltr'>posthumo</span> <span class='ocrx_word' id='word_1_190' title='bbox 729 1943 781 1982; x_wconf 91' lang='lat' dir='ltr'>de</span> <span class='ocrx_word' id='word_1_191' title='bbox 798 1943 1056 1985; x_wconf 63' lang='lat' dir='ltr'>sectionibus</span> <span class='ocrx_word' id='word_1_192' title='bbox 1074 1946 1236 1986; x_wconf 83' lang='lat' dir='ltr'>conicis</span> <span class='ocrx_word' id='word_1_193' title='bbox 1251 1958 1346 1987; x_wconf 90' lang='lat' dir='ltr'>eam</span> <span class='ocrx_word' id='word_1_194' title='bbox 1365 1959 1457 1987; x_wconf 88' lang='lat' dir='ltr'>non</span> 
     </span>
     <span class='ocr_line' id='line_1_29' title="bbox 169 2004 1454 2063; baseline 0.007 -19"><span class='ocrx_word' id='word_1_195' title='bbox 169 2004 310 2044; x_wconf 89' lang='lat' dir='ltr'>modo</span> <span class='ocrx_word' id='word_1_196' title='bbox 340 2004 453 2046; x_wconf 85' lang='lat' dir='ltr'>suam</span> <span class='ocrx_word' id='word_1_197' title='bbox 486 2004 618 2056; x_wconf 80' lang='lat' dir='ltr'>fecit3</span> <span class='ocrx_word' id='word_1_198' title='bbox 665 2005 733 2046; x_wconf 91' lang='lat' dir='ltr'>sed</span> <span class='ocrx_word' id='word_1_199' title='bbox 765 2006 806 2045; x_wconf 89' lang='lat' dir='ltr'>in</span> <span class='ocrx_word' id='word_1_200' title='bbox 835 2008 982 2049; x_wconf 83' lang='lat' dir='ltr'>multis</span> <span class='ocrx_word' id='word_1_201' title='bbox 1008 2020 1179 2063; x_wconf 89' lang='lat' dir='ltr'>quoque</span> <span class='ocrx_word' id='word_1_202' title='bbox 1208 2009 1454 2062; x_wconf 83' lang='lat' dir='ltr'>illustravit,</span> 
     </span>
     <span class='ocr_line' id='line_1_30' title="bbox 170 2066 1455 2129; baseline 0.008 -23"><span class='ocrx_word' id='word_1_203' title='bbox 170 2077 213 2107; x_wconf 88' lang='lat' dir='ltr'>et</span> <span class='ocrx_word' id='word_1_204' title='bbox 237 2067 330 2110; x_wconf 87' lang='lat' dir='ltr'>Cel.</span> <span class='ocrx_word' id='word_1_205' title='bbox 354 2066 550 2121; x_wconf 79' lang='lat' dir='ltr'>Wolfius,</span> <span class='ocrx_word' id='word_1_206' title='bbox 585 2069 694 2110; x_wconf 89' lang='lat' dir='ltr'>hanc</span> <span class='ocrx_word' id='word_1_207' title='bbox 722 2069 886 2123; x_wconf 87' lang='lat' dir='ltr'>solum,</span> <span class='ocrx_word' id='word_1_208' title='bbox 919 2071 1051 2115; x_wconf 80' lang='lat' dir='ltr'>missis</span> <span class='ocrx_word' id='word_1_209' title='bbox 1071 2073 1269 2129; x_wconf 84' lang='lat' dir='ltr'>reliquis,</span> <span class='ocrx_word' id='word_1_210' title='bbox 1310 2077 1357 2118; x_wconf 87' lang='lat' dir='ltr'>in</span> <span class='ocrx_word' id='word_1_211' title='bbox 1375 2076 1455 2117; x_wconf 86' lang='lat' dir='ltr'>suis</span> 
     </span>
     <span class='ocr_line' id='line_1_31' title="bbox 168 2131 883 2190; baseline 0.01 -19"><span class='ocrx_word' id='word_1_212' title='bbox 168 2131 391 2184; x_wconf 77' lang='lat' dir='ltr'>analyseos</span> <span class='ocrx_word' id='word_1_213' title='bbox 411 2135 643 2176; x_wconf 83' lang='lat' dir='ltr'>elementis</span> <span class='ocrx_word' id='word_1_214' title='bbox 664 2135 883 2190; x_wconf 87' lang='lat' dir='ltr'>exposuit.</span> 
     </span>
    </p>
   </div>
   <div class='ocr_carea' id='block_1_6' title="bbox 234 2193 1446 2246">
    <p class='ocr_par' dir='ltr' id='par_1_8' title="bbox 234 2193 1446 2246">
     <span class='ocr_line' id='line_1_32' title="bbox 234 2193 1446 2246; baseline 0.007 -9"><span class='ocrx_word' id='word_1_215' title='bbox 234 2193 343 2239; x_wconf 81' lang='lat' dir='ltr'>Tom.</span> <span class='ocrx_word' id='word_1_216' title='bbox 369 2196 452 2240; x_wconf 85' lang='lat' dir='ltr'>IV.</span> <span class='ocrx_word' id='word_1_217' title='bbox 825 2199 861 2244; x_wconf 93' lang='lat' dir='ltr'>C</span> <span class='ocrx_word' id='word_1_218' title='bbox 1358 2205 1446 2246; x_wconf 86' lang='lat' dir='ltr'>Ve-</span> 
     </span>
    </p>
   </div>
  </div>
 </body>
</html>
