1976 2605
591 204 685 250 274
738 184 1240 234 ANNOTATIONES
1264 184 1350 230 ΕΤ
1372 184 1842 234 EXPERIMENTA

588 321 667 362 gae
693 307 921 361 chalybeae
949 305 1138 344 extremi
1167 302 1366 342 foramen
1401 304 1652 358 quadratum
1684 334 1695 356 ,
1737 321 1843 363 quae

589 376 711 424 virga
747 370 940 421 pertinet
971 367 1024 406 ad
1059 366 1304 407 machinam
1340 380 1422 420 pro
1461 369 1566 408 tubis
1610 371 1846 413 cochleatis

589 433 791 487 parandis
827 431 1040 470 adornata
1086 440 1129 470 et
1172 431 1382 483 descripta
1426 441 1547 471 extat
1588 432 1719 473 Tom.
1762 434 1842 476 ΠΙ.

592 494 1035 538 Commentariorum
1074 488 1108 536 §.
1153 504 1226 543 17.
1268 507 1363 548 pag.
1408 498 1516 545 163.
1556 505 1599 535 et
1627 496 1683 536 ibi
1709 498 1843 538 etiam

586 559 787 601 firmetur
817 557 939 597 clauo
971 555 1042 597 vel
1069 557 1249 597 cochlea
1278 559 1469 599 traiecta.

705 617 741 666 §.
783 634 861 673 30.
927 620 1101 662 Deinde
1123 621 1840 664 limaimmittaturintubumsclo-

587 685 713 739 peti,
756 697 800 725 et
837 696 925 736 ope
965 684 1245 725 cochlearum
1273 680 1354 737 fle
1385 696 1427 725 et
1466 697 1497 737 g
1530 682 1546 722 l
1581 686 1842 726 distendatur

586 759 636 790 vt
663 760 785 790 crura
810 761 829 788 e
857 759 900 788 et
928 759 948 786 c
977 747 1113 789 latera
1144 747 1232 788 tubi
1270 757 1448 800 tangant
1471 775 1483 798 ,
1525 758 1569 787 et
1601 750 1842 789 exercitata

586 812 787 852 machina
815 811 950 851 libere
978 811 1048 851 sed
1076 821 1223 851 tamen
1242 812 1354 851 arete
1376 825 1453 864 per
1473 812 1619 852 tubum
1640 812 1842 854 transeat.

732 905 741 914 .
782 889 858 925 31.
927 874 1132 915 Versetur
1163 872 1357 914 machina
1388 875 1527 914 donec
1555 875 1658 915 lima
1696 875 1841 916 tubum

585 950 677 977 non
705 937 888 986 amplius
908 938 1033 977 radit.
1100 938 1219 975 Tunc
1240 937 1419 977 vlterius
1440 938 1729 978 diuaricentur
1747 951 1841 979 cru·

584 1010 631 1038 ra
657 996 818 1046 limae,
857 1007 934 1048 per
964 996 1164 1035 cochleas
1182 995 1247 1048 fk
1278 1008 1362 1048 etg
1382 998 1397 1034 l
1418 1023 1427 1043 ‚
1470 1002 1691 1039 etiterum
1715 1013 1840 1041 exer-

585 1062 717 1100 citata
752 1059 951 1097 machina
977 1070 1212 1109 operetur,
1253 1068 1299 1096 vt
1322 1059 1572 1108 profundius
1600 1061 1638 1100 se
1661 1063 1843 1104 insinuet

584 1122 688 1162 lima
716 1122 759 1160 in
789 1121 877 1160 tubi
902 1121 1052 1161 latera.
1121 1120 1217 1159 Hoc
1249 1121 1382 1158 toties
1400 1131 1624 1170 repetatur
1646 1148 1656 1168 ,
1700 1126 1842 1162 donee

586 1183 802 1225 orificium
848 1184 1032 1235 sclopeti
1078 1181 1386 1235 aliquantulum
1435 1182 1560 1222 ouale
1607 1185 1842 1225 accuratius
1903 1222 1905 1226 χ

584 1248 774 1289 intuenti
804 1257 1026 1300 appareat.

703 1307 739 1354 §-
781 1325 856 1361 32.
884 1312 901 1316 “
924 1310 1119 1350 Tandem
1144 1307 1357 1360 cylindrus
1377 1310 1547 1361 quidam
1572 1308 1842 1350 ferreuslon-

583 1387 659 1428 gns
689 1396 719 1432 4
746 1375 816 1414 vel
849 1386 869 1425 5
905 1374 1066 1425 digitos
1094 1373 1357 1411 immittatur
1388 1374 1430 1412 in
1461 1372 1606 1412 tubum
1637 1373 1687 1411 ad
1718 1387 1740 1422 3
1771 1371 1842 1412 vel

584 1459 615 1495 4
642 1438 803 1489 digitos
831 1448 873 1476 et
911 1434 1274 1475 circumfundatur
1307 1433 1528 1485 plumbum
1550 1434 1842 1487 liquefactum,

584 1501 811 1554 postquam
853 1500 972 1539 tubus
999 1500 1112 1537 intus
1143 1510 1168 1536 a
1197 1495 1316 1536 fumo
1344 1495 1555 1549 lampadis
1597 1498 1843 1551 suppositae

583 1560 758 1615 fuligine
787 1564 897 1602 bene
923 1563 1004 1601 erit
1036 1561 1252 1601 obductus.
1318 1560 1396 1600 Hic
1436 1560 1650 1613 cylindrus
1698 1562 1841 1613 plum-

584 1627 682 1666 beus
713 1626 809 1679 post
837 1626 1157 1666 extructionem
1190 1623 1291 1663 oleo
1322 1622 1528 1663 illini-atur
1547 1652 1557 1672 ‚
1597 1635 1640 1664 et
1662 1624 1766 1663 loco
1788 1624 1840 1664 li·

584 1702 681 1730 mae
715 1690 757 1729 in
793 1689 913 1741 virga
943 1687 1148 1741 chalybea
1176 1686 1400 1734 firmetur,
1443 1697 1485 1726 et
1506 1688 1565 1726 bis
1584 1687 1653 1725 vel
1675 1696 1741 1727 ter
1762 1698 1840 1739 per

583 1753 731 1794 tubum
764 1752 1099 1793 transmittatur.
1167 1749 1313 1790 Postea
1337 1749 1512 1801 puluere
1532 1749 1713 1789 smiridis
1732 1762 1840 1789 con·

583 1817 806 1869 spergatur
843 1816 992 1856 addito
1033 1814 1136 1855 oleo
1168 1840 1179 1862 ‚
1219 1823 1262 1852 et
1300 1813 1522 1865 postquam
1559 1813 1842 1865 occupauerit

581 1880 730 1919 locum
758 1879 886 1918 limae
909 1878 1104 1918 machina
1121 1877 1278 1915 iterum
1300 1888 1572 1926 exerceatur,
1612 1877 1839 1929 idquetam

583 1945 651 1982 diu
679 1945 864 1982 iteretur
893 1942 1036 1981 donec
1073 1939 1192 1980 tubus
1222 1949 1265 1978 et
1293 1940 1390 1979 satis
1417 1939 1649 1991 splenditus
1678 1951 1720 1980 et
1751 1939 1839 1978 sine

583 2008 748 2046 rimulis
787 2018 864 2058 per
895 2005 1046 2045 limam
1094 2004 1209 2045 saetis
1247 2003 1329 2042 erit
1354 2004 1614 2057 conspicuus.
1685 2002 1838 2054 Cylin-

583 2069 679 2107 drus
716 2069 933 2120 plumbeus
971 2079 1080 2108 vero
1114 2094 1124 2116 ‚
1166 2066 1260 2120 post
1306 2066 1459 2106 multas
1501 2067 1840 2108 exercitationes

583 2131 838 2182 machinae,
875 2130 1019 2174 laxior
1048 2131 1176 2175 factus
1196 2156 1210 2182 ‚
1251 2130 1302 2171 de
1330 2141 1450 2173 nouo
1486 2133 1569 2174 erit
1605 2129 1839 2172 refunden-

1752 2192 1837 2242 dus,
