1976 2605
570 151 667 192 206
734 133 1288 191 ANAMORPHOSEOS
1329 105 1767 184 POLYEDRICAE

566 267 639 307 bat
665 278 727 318 54
757 264 883 319 plana
907 260 1136 309 inclinata,
1176 267 1362 312 quorum
1386 268 1548 297 nouem
1572 257 1623 298 ad
1645 265 1846 298 centrum

568 331 668 379 sita,
697 340 739 367 et
761 325 983 377 cuspidem
1005 324 1110 364 vitri
1131 320 1373 362 centralem
1397 321 1725 370 constituentia,
1749 320 1848 362 stel-

569 394 654 432 lam
678 390 855 443 egregie
875 388 1118 427 radiantem
1138 385 1545 440 repraesentabant,
1567 384 1734 437 reliquis
1755 386 1845 438 pla-

574 456 759 497 nitiebus
779 452 953 493 inferius
970 452 1150 505 septam.
1191 451 1395 491 Alterum
1415 448 1523 488 latus
1544 458 1637 488 erat
1658 448 1848 501 planum.

705 514 740 560 ἕ.
789 532 863 568 14.
907 515 1075 563 nibus,
1112 515 1153 553 in
1177 513 1315 554 fulcris
1337 511 1457 561 latis,
1484 523 1538 551 ex
1559 510 1766 552 afferculo
1788 511 1848 552 fa·-

574 583 674 631 ctis,
699 582 917 628 firmatim,
953 592 1032 631 per
1055 577 1235 618 laminas
1259 577 1414 616 ferreas
1437 576 1637 616 traicetus
1659 575 1740 625 est,
1771 573 1849 616 ful-

574 647 656 686 cris
680 645 838 693 insitas,
865 643 1019 682 duabus
1038 641 1183 683 affixas
1202 640 1411 690 cochleis,
1429 638 1513 680 scil.
1527 639 1715 692 superius
1727 639 1849 679 etin-

571 709 723 759 serim«,
748 709 798 749 ad
819 708 990 748 dustum
1015 707 1217 746 diametri
1236 704 1500 745 foraminum
1521 703 1669 744 tubum
1690 703 1849 755 recipi·

575 775 758 812 entium.
778 772 966 824 Reliquo
988 770 1150 810 ambitu
1169 769 1427 809 laminarum
1443 780 1532 807 non
1547 765 1760 817 affixo‚ne
1774 779 1849 806 co·

573 840 704 877 e'unte
721 835 992 876 aficciditate
1013 834 1153 886 ligno,
1168 843 1238 873 aut
1259 832 1307 872 ab
1327 844 1426 872 aere
1447 831 1630 872 humido
1644 830 1848 880 dilatato,

559 900 671 941 ,fitus
703 900 791 938 tubi
819 900 1001 938 vitietur
1034 898 1078 937 id
1108 897 1225 950 quod
1256 896 1418 948 figurae
1454 895 1851 948 repraesentandae

577 963 773 1003 maxime
798 971 953 1009 nocet,
997 969 1230 1012 totumque
1253 959 1484 999 artificium
1508 958 1635 1011 plane
1657 959 1817 1012 perdit.

704 1021 738 1067 ᾗ.
777 1039 793 1063 1
810 1037 849 1073 ς.
885 1024 1082 1064 Eandem
1107 1024 1358 1064 cautionem
1382 1022 1551 1062 adhibui
1575 1023 1617 1061 in
1641 1021 1854 1062 firmanda

575 1088 716 1129 tabula
740 1088 872 1139 pista,
906 1097 1085 1138 eamque
1108 1096 1150 1124 et
1171 1086 1357 1137 superius
1378 1093 1421 1121 et
1442 1083 1615 1122 inferius
1634 1085 1677 1121 in
1701 1085 1850 1122 medio

578 1151 793 1199 asserem,
835 1150 942 1190 hanc
964 1148 1254 1198 sustentantis,
1295 1145 1436 1195 affixi,
1469 1155 1512 1184 et
1531 1144 1583 1184 fic
1605 1145 1852 1186 conti-aeno

578 1226 621 1256 et
655 1215 855 1255 dilatatio
886 1212 1077 1252 afferculi
1108 1211 1233 1250 situm
1266 1211 1353 1249 eius
1382 1209 1539 1248 vitiare
1577 1220 1665 1246 non
1696 1208 1853 1258 potest,

708 1273 744 1321 ἑ.
787 1282 860 1317 16.
919 1274 1113 1316 Distabat
1134 1273 1237 1313 vitri
1257 1271 1365 1311 latus
1390 1269 1565 1322 planum
1587 1281 1608 1308 a
1630 1268 1768 1309 tabula
1790 1270 1855 1322 pi-

578 1345 643 1386 eta
671 1356 730 1394 14
753 1341 836 1395 dig.
862 1339 1057 1380 decimal.
1090 1346 1134 1376 et
1166 1333 1541 1387 contemplationi
1570 1331 1734 1372 sistebat
1771 1334 1854 1373 cir-

579 1406 661 1445 culi
690 1417 894 1456 campum
927 1402 1041 1440 cuius
1064 1401 1277 1438 diameter
1300 1407 1392 1435 erat
1420 1409 1477 1440 10
1504 1396 1586 1448 dig.
1615 1411 1633 1446 5
1662 1395 1735 1435 lin.
1761 1408 1854 1437 are·

582 1469 671 1509 olas
698 1479 759 1518 54
782 1468 823 1505 in
848 1467 885 1504 fe
908 1464 1241 1508 continentem,
1284 1460 1513 1510 planorum
1543 1460 1645 1498 vitri
1675 1459 1853 1501 inclina-

580 1544 728 1573 torum
757 1529 909 1583 figuras
932 1528 973 1566 in
999 1525 1131 1578 plano
1157 1523 1375 1576 proiectas
1396 1523 1786 1574 repraesentante5‚
1810 1533 1855 1563 et

583 1594 853 1650 planitiebus
864 1592 966 1631 vitri
992 1598 1181 1641 propter
1204 1586 1345 1626 radios
1377 1586 1605 1634 dilatatos,
1647 1588 1851 1637 maiores,

584 1669 628 1699 et
651 1668 842 1711 propter
865 1653 1073 1695 decliuem
1098 1663 1249 1691 eorum
1270 1649 1392 1689 situm
1419 1649 1632 1688 alteratas.

712 1716 747 1763 ᾧ.
791 1732 864 1770 17.
932 1718 1106 1758 Literae
1131 1727 1207 1767 per
1230 1712 1490 1766 polyedrum
1514 1722 1775 1765 apparentes
1799 1726 1855 1755 ex

585 1784 769 1826 caulibus
792 1794 917 1836 atque
940 1779 1055 1820 foliis
1079 1779 1237 1819 florum
1265 1777 1477 1828 pietorum
1502 1775 1581 1815 sese
1604 1788 1852 1829 compone—

585 1849 713 1897 bant,
755 1849 814 1887 ita
839 1857 883 1886 vt
906 1842 1140 1898 particulae
1163 1852 1315 1881 eorum
1339 1839 1573 1880 nonnullae
1595 1839 1741 1879 literas
1763 1840 1853 1880 for-

586 1921 758 1953 marent
793 1910 966 1962 reliquis
996 1919 1156 1946 eorum
1181 1903 1369 1958 partibus
1389 1901 1555 1943 areolas
1587 1916 1675 1944 non
1707 1904 1854 1956 ingre-

589 1974 826 2023 mentibus,
867 1971 1152 2024 inconlpicuis
1183 1967 1474 2016 manentibus,
1513 1966 1615 2007 sicut
1644 1976 1685 2007 et
1714 1967 1854 2007 cunc'ii

585 2039 695 2080 radii
735 2039 956 2090 Ρίἂιικ;ιε,-
990 2035 1059 2089 qui
1089 2031 1256 2073 areolas
1288 2042 1376 2069 non
1403 2040 1604 2082 tangunt,
1641 2031 1690 2070 ad
1720 2031 1853 2070 visum

589 2102 822 2157 peruenire
854 2113 945 2142 non
976 2105 1201 2155 poterant.
1265 2094 1376 2138 Hinc
1413 2095 1456 2135 in
1492 2083 1642 2136 medio
1683 2093 1852 2135 tabulae

1759 2165 1852 2197 ma-
