1976 2605
564 195 665 244 »258
845 186 1030 234 NVMI
1062 188 1194 237 DVO
1232 187 1601 237 PTOLEMAEI

567 309 785 353 Arsinoen
809 337 819 360 ‚
860 308 1033 349 fallendi
1062 306 1196 347 caussa
1225 307 1363 360 Lagi,
1404 307 1573 360 culpam
1597 316 1831 362 corruptae

571 374 805 428 pudicitiae
844 372 896 411 ad
931 372 1086 412 Iouem
1138 369 1406 421 relaturam,
1448 382 1592 412 certos
1627 374 1831 415 homines

566 435 841 484 subornasse,
883 436 953 488 qui
981 436 1143 487 Lagum
1176 433 1255 475 hac
1276 437 1386 476 fama
1420 436 1743 488 percellerent,
1781 446 1830 477 vt

572 499 670 540 tolli
701 498 913 539 infantem
955 508 1195 552 pateretur.
1264 498 1348 541 Sed
1390 500 1438 539 ab
1478 501 1635 551 clupeo
1655 500 1733 540 illo
1765 491 1834 556 κοῦ(

567 559 686 616 mago&
705 555 779 605 τᾶν
803 562 1006 617 πόλεμον,
1030 563 1097 603 seu
1119 573 1166 603 vt
1189 563 1472 604 Athenienses
1502 563 1741 616 Cypriique
1767 564 1831 602 di·

569 627 723 667 cebant
747 653 758 676 ,
797 626 1006 681 πτόλεμον
1028 654 1038 674 ,
1079 624 1342 684 Πτολεμοίᾗος
1367 627 1608 680 appellatus
1637 628 1718 677 est,
1750 639 1832 667 vn·-

569 691 621 729 de
647 690 917 742 Lycophron
945 686 1158 746 Παλοᾳςήν
1178 693 1302 738 dixit,
1328 693 1390 730 vti
1418 691 1680 731 Theocritus
1716 693 1831 745 Αιχ-

576 746 730 808 μητεὶν.
796 753 1042 806 Philippum
1092 766 1260 808 quoque
1298 754 1455 794 dictum
1502 754 1643 794 scribit
1683 755 1832 794 auetor-

572 816 902 865 semibarbarus,
942 820 1010 868 (ι)
1047 818 1199 870 quiex
1231 817 1538 859 Alexandrinis
1602 816 1708 857 fastis
1764 816 1833 855 sua

566 879 787 919 transtulit
818 906 831 930 ,
870 879 941 919 sed
989 880 1058 920 hic
1091 881 1191 934 quid
1228 882 1279 921 de
1326 881 1613 921 Ptolaemaeis
1646 881 1830 928 diceret,

566 954 672 993 prae
699 942 880 980 infantia
904 954 1037 992 aeque
1066 955 1155 980 non
1182 945 1292 982 vidit
1314 969 1327 991 ,
1367 956 1415 982 ac
1441 942 1671 983 Theocriti
1707 942 1832 982 scho-
1902 980 1904 983 .

566 1002 682 1043 liasta
702 1029 714 1051 ,
753 1004 823 1056 qui
848 1003 1012 1053 Lagum
1042 1014 1212 1054 quoque
1231 1004 1533 1043 Ptolemaeum
1555 1006 1833 1045 diecumcon-

567 1066 711 1106 tendit
729 1091 742 1113 ,
783 1075 852 1103 aut
879 1065 928 1104 L.
960 1066 1205 1116 Ampelius.
1271 1065 1352 1105 Hic
1380 1065 1610 1116 Ampelius
1638 1066 1760 1106 nobis
1788 1067 1834 1106 in

566 1128 830 1169 memoriam
860 1135 1040 1165 reuocat
1065 1153 1076 1174 ‚
1116 1126 1417 1167 Ptolemaeum
1447 1128 1560 1177 apud
1581 1129 1834 1178 Oxydracas

567 1190 872 1232 Alexandrum
899 1189 1073 1229 obiecto
1100 1189 1256 1241 clupeo
1288 1188 1532 1229 defendisse.
1599 1189 1723 1230 Nihil
1755 1201 1833 1228 ve-

569 1267 620 1295 ro
647 1253 734 1293 hoc
765 1253 814 1292 ad
840 1252 958 1291 huius
985 1253 1104 1290 numi
1142 1253 1358 1303 clupeum.
1426 1250 1580 1290 Fabula
1617 1250 1688 1288 illa
1741 1251 1833 1302 qui-

570 1318 666 1357 dem
701 1316 757 1356 est
787 1329 807 1355 a
853 1314 1081 1358 Clitarcho
1113 1324 1155 1354 et
1203 1316 1441 1365 Timagene
1499 1313 1698 1353 conficta.
1766 1315 1832 1365 (2)

568 1381 746 1422 Fulmen
775 1389 919 1420 autem
941 1380 983 1419 in
1012 1379 1172 1430 clupeo
1204 1390 1292 1417 non
1325 1377 1441 1428 aegis
1472 1376 1529 1415 est
1550 1402 1561 1424 ‚
1603 1376 1673 1416 sed
1702 1388 1832 1416 orna-

568 1453 802 1490 mentum,
842 1453 891 1481 vt
923 1441 1086 1481 solebat
1117 1442 1161 1479 in
1208 1440 1389 1479 fortium
1436 1440 1632 1479 virorum
1689 1441 1830 1481 armiS.

684 1505 848 1546 Altero
880 1505 923 1543 in
948 1514 1080 1542 numo
1113 1504 1166 1542 A.
1197 1501 1265 1542 sub
1295 1502 1472 1555 pedibus
1501 1504 1687 1555 aquilae,
1725 1503 1833 1544 Ale-

573 1568 798 1610 xandriam
826 1565 1094 1606 demonstrat
1113 1592 1126 1614 ,
1165 1578 1244 1618 qua
1272 1566 1314 1605 in
1331 1564 1434 1605 vrbe
1455 1565 1635 1618 signatus
1657 1567 1728 1606 est.
1764 1567 1833 1607 Ita

571 1631 800 1683 antiquarii
824 1632 911 1670 ΠΗ
940 1626 1166 1677 nimio-1011,
1205 1629 1297 1670 AB.
1338 1618 1531 1676 Assuddv,
1567 1624 1836 1680 ΠΑ.Πά<βσν

568 1696 642 1735 KI.
686 1691 847 1734 Κίττιον
866 1694 952 1733 HP.
990 1691 1331 1744 Ηρακλεέπολιν,
1368 1688 1468 1732 ΣΑ.
1505 1690 1831 1746 Σαλαμῖνα,ΔΙ

570 1754 765 1798 Διόπολιν
790 1757 886 1797 ME.
926 1765 968 1795 et
996 1755 1184 1796 Ioannes
1211 1755 1370 1796 Valens
1400 1765 1443 1794 et
1478 1755 1686 1796 Nicolaus
1715 1757 1830 1808 Hay-

570 1834 659 1861 mus
687 1815 874 1875 Μέμφιν
899 1820 1179 1871 interpretati
1209 1820 1313 1859 sunt.
1379 1819 1523 1859 Decet
1562 1818 1830 1860 Alexandri·
1876 1849 1882 1855 .

571 1897 638 1924 am
664 1885 880 1936 elegantia
906 1895 1137 1923 numorum
1160 1900 1168 1925 ε
1206 1884 1250 1923 in
1274 1884 1473 1923 interiori
1508 1884 1720 1935 Aegypto
1757 1894 1829 1921 cu-

569 1949 632 1987 sos
656 1949 744 1988 vidi
774 1946 1051 2000 complures,
1089 1946 1157 1986 sed
1188 1947 1339 1998 insigni
1376 1945 1683 1995 deformitate,
1722 1957 1830 1998 quos

573 2011 857 2051 nihilominus
892 2011 941 2051 ab
970 2010 1217 2064 antiquariis
1246 2012 1467 2062 neglestos
1491 2010 1543 2050 ad
1571 2008 1684 2050 hunc
1713 2009 1830 2049 diem

570 2073 686 2113 fuisse
737 2074 887 2114 doleo.

580 2164 605 2168 Ἣ
625 2162 716 2226 νο)
743 2196 772 2225 Ρ,
795 2190 846 2226 78.
863 2188 909 2220 ed,
926 2189 1007 2220 Scal.
1050 2187 1112 2227 (2)
1138 2187 1214 2218 Vide
1238 2187 1277 2224 Q
1297 2186 1429 2217 Curtium
1453 2190 1477 2226 l,
1501 2191 1563 2225 JX·
1586 2195 1613 2228 ς,
