1976 2605
559 161 584 188 2
595 158 615 199 5
626 150 655 188 6
729 135 879 189 LJG'A
889 137 1106 184 MENTI
1139 138 1253 185 GLA
1262 136 1649 191 VICULARUM

556 278 692 314 uum,
735 264 804 304 sed
844 261 1071 302 obliuione
1108 261 1320 313 sepultum
1362 260 1660 314 resuscitabo,
1702 273 1827 318 atque

555 341 739 375 eorum,
783 337 889 379 quae
919 326 986 365 vel
1016 324 1131 365 nudo
1164 323 1344 366 verbulo
1374 325 1581 368 Riolanus
1605 329 1826 381 indicauit,

555 392 809 433 vberiorem
838 388 1201 441 explanationem
1243 390 1389 428 sistam.

673 453 812 494 Situm
862 453 919 493 est
965 454 1095 505 igitur
1141 453 1226 493 hoc
1274 453 1556 507 ligamentum
1587 455 1703 496 inter
1732 456 1831 497 duas

556 516 862 558 clauicul-irum
895 518 1203 558 extremitates
1226 545 1236 568 ,
1279 529 1382 570 quae
1402 518 1545 557 sterno
1572 519 1827 571 appi-intan-

555 593 665 631 tur‚
706 581 846 622 subter
893 581 1020 621 sterni
1066 580 1183 622 huius
1231 579 1502 634 superficiem
1547 582 1828 632 interiorem,

556 658 706 685 cauum
740 645 932 697 pectoris
981 643 1323 697 respicientem,
1366 646 1424 684 ita
1459 646 1653 698 quidem,
1691 657 1737 687 vt
1777 659 1832 688 ex

554 721 644 748 vno
671 709 808 749 latere
837 708 885 747 ab
923 708 1001 747 hac
1037 709 1126 761 ipsa
1156 710 1410 761 superficie,
1451 721 1504 749 ex
1544 709 1685 750 altero
1721 722 1830 750 vero

554 786 576 812 a
601 774 803 815 terminis
832 771 1123 813 musculorum
1145 774 1311 826 parium
1334 772 1650 826 sternohj-oidis'
1671 787 1716 813 ac
1730 774 1832 814 ster-

554 836 838 889 notliyroidis
896 836 1140 890 obtegatur.
1209 838 1407 877 Termini
1453 838 1702 889 Lig21111enti
1742 839 1832 877 sunt

556 902 762 952 vtrinque
802 901 1133 952 protuberantia
1170 901 1237 941 seu
1268 901 1442 953 angulus
1464 903 1633 940 acutior
1654 902 1834 954 capituli

556 963 789 1004 claviculae
813 990 823 1012 ,
863 977 947 1016 quo
976 977 1071 1004 cum
1104 965 1190 1004 offe
1214 966 1419 1017 ,pectoris
1452 966 1834 1012 articulaturfinr·

553 1026 641 1065 sum
677 1037 722 1062 ac
747 1036 870 1065 retro
901 1027 1093 1075 spectans
1114 1053 1124 1072 ‚
1166 1023 1537 1078 quemadmodum
1581 1028 1630 1067 ab
1661 1030 1714 1069 A.
1745 1028 1834 1067 Ve-

555 1087 660 1126 salio
692 1086 733 1124 in
761 1087 888 1126 Hum.
922 1087 1062 1138 Corp.
1093 1088 1211 1126 Fabr.
1254 1088 1299 1126 L.
1347 1088 1381 1127 Ι.
1432 1088 1482 1126 C.
1530 1089 1679 1126 XXII.
1717 1090 1740 1125 f.
1792 1102 1832 1127 2,

554 1149 638 1190 Lit.
670 1148 727 1189 D.
759 1149 983 1199 eleganter
1004 1151 1295 1201 exprimitur:
1335 1161 1354 1187 a
1374 1160 1557 1201 quorum
1589 1162 1677 1188 vno
1701 1149 1751 1187 ad
1773 1148 1831 1187 al-

558 1222 701 1251 terum
733 1212 1007 1251 transversim
1037 1213 1104 1251 sub
1137 1212 1265 1250 sterni
1285 1212 1534 1250 summitate
1556 1209 1719 1248 furcata
1743 1211 1834 1249 sub-

559 1276 741 1315 ducitur.
761 1273 1158 1327 Ligamentifigura
1179 1286 1256 1313 nec
1278 1273 1420 1324 plana,
1445 1283 1521 1310 nec
1542 1273 1731 1312 rotunda
1747 1273 1832 1315 dici

558 1339 702 1391 potest
725 1366 735 1388 ‚
777 1339 847 1378 scd
869 1351 951 1390 pro
974 1338 1258 1379 subieetorum
1283 1335 1529 1376 diuersitate
1553 1337 1729 1387 Νικίαν,
1768 1337 1833 1377 in·

556 1403 728 1441 tei-dum
753 1402 916 1453 duplex
945 1401 1026 1440 esse
1047 1413 1093 1440 ac
1115 1398 1380 1451 interspersa
1401 1400 1668 1451 pinguedine
1689 1400 1835 1441 distin>

553 1466 625 1517 gui
661 1464 846 1504 videtur.
1522 1498 1524 1501 .
1572 1496 1575 1501 .

677 1527 758 1568 Cui
790 1526 1000 1577 detegere
1020 1524 1355 1576 Ligamentum,
1399 1534 1442 1565 et
1462 1524 1585 1566 simul
1609 1529 1694 1567 eius
1715 1529 1834 1569 usum

555 1590 720 1642 volupe
757 1589 916 1639 fuerit,
955 1588 1078 1628 facile
1113 1589 1152 1627 id
1193 1588 1451 1641 praestabit,
1493 1588 1521 1627 fi
1551 1593 1738 1631 remotis
1766 1593 1832 1630 in-

554 1655 819 1706 tegumentis
865 1652 1166 1694 communibus
1215 1653 1362 1704 primo
1407 1651 1634 1693 clauiculas
1663 1655 1705 1692 in
1743 1655 1834 1707 ipsa

554 1719 747 1759 iunctura
796 1729 891 1756 cum
943 1717 1089 1756 sterno
1137 1716 1316 1763 solvat,
1359 1726 1400 1755 et
1447 1716 1620 1768 quidem
1667 1719 1834 1759 cautela

555 1783 751 1829 summa,
793 1793 845 1820 ne
873 1779 1067 1820 cultellus
1096 1780 1208 1820 vltra
1238 1780 1476 1820 iuncturam
1507 1780 1721 1832 adigatur,
1737 1783 1834 1836 quia

555 1845 655 1884 alias
685 1845 972 1897 ligamentum
1002 1843 1137 1897 ipsum
1165 1856 1249 1883 vna
1287 1842 1532 1883 discinditur
1568 1847 1729 1898 (quam
1764 1857 1832 1886 ra·

558 1910 726 1948 tionem
759 1908 913 1949 subesse
946 1920 1127 1961 putem,
1168 1920 1297 1961 quare
1329 1919 1350 1946 a
1381 1917 1467 1946 tam
1510 1909 1654 1958 paucis
1703 1918 1830 1950 nota-

559 1981 648 2010 tum
679 1972 806 2014 suerit
830 1977 871 2024 );
913 1972 1069 2011 deinde
1100 1971 1372 2023 cartilagines
1392 1971 1601 2011 costarum
1627 1985 1709 2025 pro
1732 1985 1830 2012 mo·

561 2047 608 2073 re
646 2035 838 2086 scindat,
882 2048 928 2075 ac
966 2036 1153 2076 sternum
1194 2035 1391 2076 deorsum
1434 2035 1643 2076 refitc'iat.
1710 2037 1829 2075 Tunc

560 2098 675 2138 enim
704 2099 994 2152 ligamentum
1026 2109 1246 2154 tamquam
1283 2097 1492 2140 chordam
1528 2099 1716 2148 tensam,
1757 2113 1830 2140 va-

1671 2163 1827 2203 lidan?
