1976 2605
395 148 757 202 COMMUNIS
792 149 1186 201 DESCRIPTIO.
1220 141 1226 149 ’
1351 169 1443 212 257

160 279 414 331 fidamque,
453 276 501 316 ab
534 285 616 315 vna
647 271 855 317 clauicula
880 275 933 317 ad
963 276 1147 317 alteram
1185 277 1450 331 productam

166 341 495 396 deprehendet:
534 352 618 394 quo
641 340 905 391 edocemur,
947 341 1174 382 clauiculas
1198 355 1287 382 non
1307 343 1449 386 solum

165 409 279 449 inter
297 408 336 447 se
366 405 573 458 coniungi
595 431 607 455 ,
651 403 717 444 sed
756 416 800 444 et
831 406 874 445 in
905 406 972 446 sua
1001 406 1313 449 ameni-‚itione
1349 420 1449 450 cum

164 474 308 515 sterno
339 484 393 511 eo
423 470 578 511 fortius
604 469 798 510 detineri
832 479 960 523 atque
991 471 1186 526 ap'nrimi
1208 497 1218 517 ,
1261 484 1315 511 ne
1352 472 1448 513 illa-

163 549 258 577 rum
289 547 416 576 motu
444 535 569 576 nimis
595 533 766 587 lubrico
787 560 799 584 ‚
841 545 913 574 aut
943 535 1119 575 actione
1148 534 1449 579 musculorum

163 601 209 642 in
248 601 355 654 ipsas
383 599 748 653 implantatorum
778 597 1127 641 vehementiore
1147 597 1447 642 luxationibus

161 664 524 720 frequentioribus
554 662 635 704 {int
663 663 903 705 obnoxiae.

276 740 449 781 Poterit
472 738 605 779 etiarn
632 738 677 780 in
703 737 782 781 situ
808 739 882 780 suo
912 737 1139 792 conspici,
1181 746 1393 790 externe,
1416 739 1450 782 fi

157 803 488 845 membranulae
515 813 558 844 et
588 802 901 857 vascu1a‚quae
928 804 969 844 in
999 813 1229 845 curvatura
1256 804 1449 857 supremi

158 865 254 908 offis
289 866 448 918 sterni,
490 868 608 908 inter
641 866 952 909 clavicularum
990 868 1184 923 capitula
1219 868 1450 921 oberrant,

156 930 390 985 diiigenter
417 930 710 986 separaum-is:
746 934 922 974 interne
954 942 1104 973 autem
1134 932 1162 973 si
1190 933 1233 972 in
1257 932 1445 986 conspe-

157 995 273 1036 (tum
303 996 553 1048 producere
585 996 695 1034 velis
718 1022 731 1045 ‚
773 996 925 1035 solutis
955 995 1154 1036 musculis
1197 995 1322 1049 supra
1359 1008 1445 1037 no·

157 1059 331 1100 minatis
364 1060 406 1098 in
442 1058 684 1099 insertione
714 1060 780 1099 sua
800 1086 812 1108 ,
850 1058 1008 1111 portio
1038 1058 1165 1099 sterni
1187 1070 1234 1098 ac
1256 1059 1445 1100 clavicu-

155 1120 294 1161 larum
321 1122 523 1174 vtrinque
553 1120 747 1171 abscissa,
770 1133 827 1162 ex
857 1132 1055 1176 corpore
1084 1120 1241 1163 auferri
1266 1149 1278 1173 ,
1319 1122 1447 1166 dicti-

154 1197 235 1237 que
259 1184 432 1225 musculi
463 1184 747 1237 postmodum
776 1198 909 1242 vsque
958 1186 1013 1227 ad
1060 1187 1283 1241 originem
1321 1189 1443 1230 suam

154 1248 380 1288 remoueri
414 1248 588 1289 debent.

275 1319 333 1368 Ut
364 1320 666 1373 imaginationi
697 1321 908 1375 iliorum,
950 1325 1098 1379 quibus
1126 1334 1197 1366 aut
1231 1325 1443 1370 cadauera

161 1393 232 1425 nut
260 1382 410 1423 scelera
433 1386 485 1425 ad
514 1399 664 1428 manus
687 1398 775 1426 non
801 1387 892 1427 sunt
913 1417 924 1439 ,
962 1389 1283 1435 succurramus:
1318 1390 1439 1432 lucu·

161 1447 315 1490 lentius
338 1459 428 1490 rem
457 1460 640 1490 omnem
667 1459 771 1489 ante
801 1451 956 1493 oculos
983 1454 1115 1507 ponit
1159 1453 1338 1508 sequens

596 1529 982 1606 TABULA.

184 1635 188 1640 ¹
731 1634 851 1664 cuius

157 1675 247 1734 rig.
291 1693 329 1722 1.
368 1681 545 1728 exhibet
572 1685 781 1728 resectam
818 1688 949 1729 sterni
985 1715 997 1738 ‚
1040 1686 1346 1729 clauicularum
1382 1699 1433 1730 ac

370 1748 655 1792 musculorum
668 1750 962 1805 allegatorum
975 1753 1256 1806 portionem,
1277 1761 1430 1807 quate-

371 1821 444 1851 nus
469 1825 490 1853 a
519 1813 655 1857 latere
685 1827 880 1858 externo
912 1818 1064 1859 omnia
1083 1817 1427 1871 conspiciuntur.

370 1885 546 1920 notatur
569 1890 715 1922 autern

271 1947 309 1976 α.
378 1937 582 1985 Musculus
626 1944 990 2002 sterno-hyoides
1027 1947 1078 1988 ab
1125 1945 1216 1989 offe
1261 1944 1430 2000 hyoide

368 2003 536 2049 solutus.

268 2066 307 2106 b.
380 2067 585 2115 Masculus
603 2073 747 2117 sterno
775 2075 1010 2130 thyroides
1029 2073 1317 2119 antecedenti
1336 2072 1425 2117 sub-

366 2133 512 2177 iestuS.

213 2192 331 2237 Tom.
369 2196 455 2253 LV.
806 2204 841 2245 1<
863 2203 890 2245 k
1380 2206 1418 2247 d„
