1976 2605
358 193 764 247 TANGVTANA
810 193 1216 243 MVNGALICA.
1359 217 1447 256 291

183 333 332 366 manes
358 333 463 374 gens
484 319 541 361 est
569 319 717 361 Indica
740 346 749 368 ,
790 321 805 367 (
827 318 968 372 quales
998 318 1111 372 apud
1138 321 1369 362 Romanos
1391 319 1452 361 su·

184 399 291 437 ere,
334 386 485 434 Fabia,
525 384 760 431 Cornelia,
804 384 1031 434 Claudia‚)
1070 397 1174 436 quac
1197 395 1238 424 et
1263 385 1455 425 diuinam

185 452 406 504 originem
435 463 456 491 a
482 447 660 497 Bruma,
703 448 907 500 supremo
937 450 1021 487 deo
1062 447 1132 486 {ibi
1168 448 1362 489 attribuit
1410 457 1456 488 et

181 515 393 556 summam
415 511 709 563 nobilitatem,
733 524 774 551 et
798 514 1035 559 sacrorum,
1060 512 1348 561 auspiciorum
1374 513 1455 551 do·

175 580 390 633 cendique
435 577 543 618 alios
577 576 693 630 quod
737 588 889 615 verum
925 576 1175 626 radiumque
1212 573 1287 623 fit,
1330 586 1454 626 prae—

182 645 446 697 rogatiuam.
515 641 618 682 Puta
666 651 709 681 te
757 641 902 680 audire
949 639 1158 679 P.itritios
1202 639 1454 686 Romanos,

180 709 253 762 qui
282 708 355 749 ista
387 706 534 747 omnia
563 706 893 759 propemodum
923 702 997 743 sibi
1027 703 1317 743 vindicarunt.
1347 700 1456 742 Sunt

178 772 314 824 igitur
340 770 607 824 Btahmanes
637 768 790 810 diuersi
821 781 842 808 a
868 766 1269 822 Gymnosopliistis.
1308 764 1451 818 Gym-

181 835 460 889 nosophistae
490 847 547 875 ex
571 835 905 889 quibuscumque
957 832 1048 872 aliis
1091 830 1291 884 gentibus
1319 841 1363 870 et
1395 828 1455 870 fa·

178 899 312 940 miliis
342 899 425 939 effe
457 897 657 952 poss‘unt:
696 897 919 941 Brahman
950 906 997 936 vt
1031 897 1122 950 quis
1151 894 1199 936 sit
1234 921 1244 944 ‚
1288 891 1456 934 necess'e

180 962 240 1004 est
267 973 315 1004 vt
346 962 540 1004 nascatur
568 964 805 1005 Brahman.
871 961 949 1009 Hi,
970 973 1067 1000 cum
1098 971 1178 1011 per
1213 958 1457 997 vniuersam

178 1025 349 1068 Indiam
379 1024 550 1076 dispersi
577 1025 699 1074 sunt,
738 1024 807 1062 vbi
844 1023 896 1062 dc
944 1023 1067 1062 rebus
1111 1021 1264 1060 diuinis
1309 1031 1459 1061 caere-

182 1090 432 1139 moniisque
462 1087 647 1126 tractant
672 1113 684 1134 ,
723 1097 806 1136 pro
839 1084 1088 1124 diuersitate
1118 1083 1351 1132 locorum,
1388 1093 1462 1123 aut

179 1149 465 1204 peculiaribus
491 1148 648 1200 linguis
678 1157 860 1188 vtuntur
883 1173 894 1195 ‚
936 1158 1006 1186 aut
1040 1145 1245 1200 populari
1283 1146 1461 1198 quidem

181 1213 344 1266 aliqua,
386 1211 544 1252 litteris
582 1221 733 1252 tamen
773 1209 976 1261 diuersis,
1015 1223 1115 1264 quas
1153 1219 1314 1250 vocant
1370 1209 1464 1249 san-

184 1276 283 1317 aas.
350 1275 547 1316 Litterae
571 1274 715 1316 sacrae
750 1277 864 1316 inter
899 1274 938 1313 se
968 1274 1261 1315 vehementer
1302 1272 1463 1313 discre-

188 1347 309 1393 pant.
375 1337 534 1378 Dicam
572 1341 763 1392 primum
800 1338 851 1376 de
891 1336 1004 1389 illis,
1042 1350 1220 1392 quarum
1260 1350 1357 1377 cum
1395 1336 1464 1377 his

191 1402 316 1442 editis
364 1401 420 1440 est
467 1402 768 1453 congruentia.
839 1397 1174 1454 Dewmigaram
1237 1399 1462 1454 tamquam

192 1477 334 1509 mater
363 1464 504 1504 omnis
527 1463 664 1504 {herae
692 1464 930 1514 scripturae
965 1467 1108 1504 editur
1131 1491 1142 1512 ‚
1189 1475 1269 1516 qua
1315 1465 1462 1515 legem

195 1541 219 1570 a
245 1530 330 1570 deo
363 1529 408 1569 in
447 1525 623 1570 Caschia
662 1525 991 1581 promulgatam
1033 1528 1304 1582 praedicant.
1375 1528 1462 1570 Ca-

194 1642 304 1684 schia
330 1652 458 1682 mons
485 1651 528 1682 et
550 1640 648 1682 vrbs
676 1634 805 1709 ῆίιῗᾟ
825 1636 1003 1697 Kastha,
1036 1653 1142 1695 quae
1164 1653 1205 1682 et
1226 1593 1447 1718 ᾟῆῑὲὲ]

198 1753 376 1797 Βαηὰιτς
401 1753 509 1794 haud
532 1754 684 1809 procul
722 1766 743 1794 τι
777 1752 933 1807 Gange
965 1753 1131 1803 fluuit),
1173 1754 1243 1795 vbi
1288 1754 1457 1796 Acade-

200 1820 284 1858 mia
307 1818 362 1859 cst
377 1818 598 1860 Indorum.
667 1819 749 1860 Eas
769 1830 879 1870 ego,
904 1830 950 1859 vt
979 1832 1032 1859 ex
1054 1820 1176 1860 India
1198 1820 1364 1871 accepi,
1390 1817 1400 1858 l

198 1883 574 1924 communicandas
610 1884 724 1923 duxi.
794 1882 1025 1927 Baluhandu
1056 1883 1122 1924 seu
1161 1882 1459 1925 Balabandeca

201 1945 347 1999 paulin
395 1947 550 1988 vastior
595 1947 805 2000 scriptura
854 1948 940 1997 est,
980 1948 1168 1988 dudlibus
1212 1950 1457 1988 litterarum

202 2007 508 2063 pinguioribus.
571 2012 661 2053 Hac
689 2011 826 2051 veluti
854 2012 989 2052 sanein
1014 2011 1280 2053 Brahmancs
1300 2014 1339 2051 in
1365 2011 1458 2053 Ma-

201 2074 337 2114 rathis
374 2085 560 2116 vtuntur.
626 2075 791 2128 Lingua
827 2076 1070 2116 eorundem
1109 2075 1405 2117 Brahmanum
1443 2086 1466 2114 a

202 2136 407 2191 populari
442 2137 732 2182 Maratharum
774 2152 865 2180 non
903 2139 1138 2182 abhorret:
1175 2152 1282 2195 quae
1316 2150 1461 2180 autem

778 2203 818 2247 Ο
836 2216 864 2245 0
890 2217 930 2245 2.
1354 2214 1461 2257 pro-

1546 1768 1621 1797 Tab.

1402 1818 1459 1858 'ic
1496 1810 1681 1841 xxxvlu.

1544 1873 1623 1922 Ταὶ).

1497 1933 1676 1965 xxxvnn

1557 1977 1599 2006 ΙΙ.
