1976 2605
554 169 572 197 ι
585 170 648 208 34
823 152 912 197 DE
948 150 1204 197 SINIBUS
1240 150 1515 199 CEREBRI.

531 273 744 323 striarum,
787 285 883 325 pars
911 271 1124 312 medullae
1155 272 1420 324 oblongatae
1452 282 1494 311 et
1516 272 1666 326 plexus
1700 274 1807 316 chon

532 338 734 379 roeideus
756 336 1065 384 continentur,
1107 344 1307 387 apparet,
1380 334 1462 376 Sed
1486 337 1533 376 ab
1554 338 1696 388 huius,
1731 352 1809 382 ceu

536 402 630 440 lutis
663 400 817 438 obuiae
848 399 1044 437 cauitatis
1074 398 1368 450 descriptione
1399 398 1597 441 consulto
1627 403 1805 443 abstine·

535 475 625 503 mus
654 475 700 502 ac
730 462 869 502 versus
901 462 985 502 duo
1014 463 1093 502 ali-,1
1122 462 1256 514 spatia
1283 462 1465 515 insignia
1520 466 1670 506 oculos
1699 480 1806 507 con-

531 526 752 567 uertimus.
821 528 886 567 Ac
917 526 1090 578 primo,
1131 526 1201 566 vbi
1231 526 1397 567 Fornix
1418 527 1605 581 sinusque
1629 542 1805 582 praece-

536 590 638 630 dens
668 590 894 629 terminari
923 590 1150 641 videntur,
1199 590 1266 631 lit.
1294 590 1340 640 h,
1391 592 1559 632 dustum
1589 595 1810 644 geminum

537 653 716 693 obserua
739 654 781 692 in
805 654 988 694 diuersas
1010 653 1157 707 plagas
1177 655 1514 707 haemisphaerii
1537 658 1811 710 tendentem,

535 729 721 770 quorum
752 718 862 757 alter
892 729 912 756 c
949 717 1098 758 lobum
1149 719 1361 759 auriculae
1397 719 1614 772 simulans,
1661 722 1703 761 in
1725 734 1808 776 po·

535 781 712 822 steriori
744 782 866 833 apice
894 780 1233 835 haemisphaerii
1260 784 1375 825 recita
1405 786 1623 834 excurrit,
1672 797 1805 839 eaque

537 845 697 884 cauit-as
727 845 808 894 est,
850 858 974 898 quam
1006 843 1182 887 Thomas
1214 845 1473 891 Bartholinus
1504 849 1545 890 in
1583 850 1809 890 Anatome

535 910 735 962 quintum
757 920 968 949 renouata
993 923 1089 963 pag.
1117 925 1228 962 491.
1254 912 1420 964 digitali
1451 911 1633 952 similem
1667 914 1811 953 obser-

538 983 624 1012 uut.
693 972 742 1013 Iu
774 971 905 1014 hacce
936 976 1122 1015 cauit-„ite
1147 975 1286 1014 nullae
1308 975 1565 1026 conspicuae
1589 977 1678 1016 sunt
1704 989 1811 1029 pro-

538 1036 825 1075 tuberantiae.
896 1038 1025 1078 Alter
1049 1039 1215 1088 dudtus,
1252 1038 1303 1078 ad
1329 1038 1621 1079 ventriculum
1647 1051 1811 1079 nouum

539 1098 607 1139 seu
631 1098 942 1151 bombycinum
967 1101 1107 1150 ducit,
1136 1115 1181 1140 ac
1204 1101 1339 1141 veluti
1361 1101 1593 1141 cauitutem
1618 1103 1812 1143 conchae

540 1161 724 1201 simulat.
790 1161 855 1211 Is,
896 1162 1036 1204 statim
1067 1176 1088 1203 a
1117 1164 1342 1216 principio
1379 1162 1406 1201 d
1431 1176 1581 1204 curuus
1618 1175 1660 1204 et
1696 1166 1813 1205 arcui

539 1224 707 1271 ssmilis,
736 1224 860 1276 super
883 1226 1140 1266 inferiorem
1162 1226 1475 1278 hemisphaerii
1499 1228 1703 1277 limbum,
1729 1230 1811 1268 cir-

541 1300 588 1326 ca
612 1287 724 1326 basin
749 1287 961 1327 medullae
985 1288 1267 1339 oblongatae,
1283 1288 1414 1327 sinum
1436 1288 1813 1339 semisphaericum

542 1351 756 1399 describit,
782 1352 924 1404 quiex
944 1352 1118 1404 angusto
1139 1351 1288 1390 sensim
1309 1351 1443 1392 latior
1460 1353 1734 1405 ampliorque
1754 1353 1812 1393 fa·

542 1416 651 1463 stus,
685 1415 907 1466 postquam
929 1416 978 1453 ad
997 1415 1105 1454 latus
1125 1415 1344 1453 internum
1365 1415 1580 1454 medullae
1602 1416 1812 1471 oblonga-

542 1491 610 1518 tae
633 1478 851 1529 peruenit,
879 1479 919 1516 in
942 1476 1104 1516 Ciccum
1127 1478 1296 1517 Qualem
1321 1477 1480 1528 reliqua
1499 1477 1605 1518 sinus
1624 1483 1813 1522 cauitate

543 1540 683 1593 triplo
706 1541 921 1580 maiorem
945 1541 1207 1579 terminatur
1227 1552 1257 1579 e„
1333 1540 1382 1580 In
1416 1540 1500 1580 hoc
1530 1544 1651 1582 {acco
1674 1545 1812 1596 purti-

542 1604 668 1645 culmn
706 1604 904 1654 obserua,
933 1617 1011 1657 qua
1035 1604 1077 1642 in
1100 1614 1204 1644 toto
1227 1603 1406 1643 cerebro
1443 1615 1631 1657 propter
1652 1606 1812 1647 albedi-

547 1681 648 1708 nem
674 1677 980 1708 occaecantem
1004 1667 1240 1707 fabricaeue
1263 1666 1548 1719 elegantiam,
1592 1669 1816 1721 pulchrior

546 1732 656 1773 haud
680 1731 829 1782 datur,
869 1742 971 1784 puta
999 1731 1212 1771 Vermem
1239 1732 1551 1782 bombycinum
1582 1733 1649 1773 seu
1684 1742 1813 1786 caput

544 1796 847 1849 Hippo-campi
867 1793 1040 1837 Arantiz‘
1060 1795 1113 1845 C,
1137 1806 1261 1836 extra
1286 1794 1465 1847 praefati
1488 1795 1592 1835 sacci
1615 1795 1809 1849 planum,

548 1861 600 1900 ad
620 1859 896 1900 altitudinem
913 1870 934 1909 5
952 1858 1039 1899 fere
1060 1861 1268 1900 linearum
1284 1868 1326 1898 et
1345 1857 1620 1900 latitudinem
1634 1861 1811 1901 xi.line·

547 1937 668 1964 arum
694 1923 1004 1976 protuberans,
1029 1924 1070 1963 in
1095 1925 1208 1963 cuius
1230 1923 1454 1962 exteriore
1474 1923 1712 1975 superficie,
1733 1925 1816 1978 spi-

548 1988 703 2028 ralium
730 1988 890 2027 circum
914 1987 1196 2028 volutionum
1219 1987 1436 2038 exsculpta
1456 1987 1546 2027 sunt
1569 1988 1745 2041 vestigia
1763 1984 1814 2042 ff.

549 2051 621 2092 Ad
642 2051 769 2100 haec,
809 2063 939 2105 quum
963 2052 1096 2092 tereti
1115 2061 1158 2091 et
1181 2049 1295 2090 ouali
1318 2049 1475 2102 figura,
1515 2065 1643 2105 Vsque
1666 2051 1716 2091 ad
1739 2052 1814 2092 du·

552 2126 681 2156 orum
704 2114 791 2155 fere
813 2115 1024 2169 pollicum
1043 2113 1389 2169 longitudinem,
1425 2117 1633 2168 gaudeat,
1665 2128 1720 2157 eo
1742 2126 1814 2157 to-

1764 2187 1816 2219 to
