1976 2605
106 183 383 232 METALL.
403 177 615 240 ATQUE
660 175 913 222 VITROR.
938 174 1248 222 MOMENT.
1290 197 1380 228 215·

233 301 269 348 §.
315 318 356 355 3.
426 299 749 342 Assirmatiuam
781 307 985 339 tenentes
1019 297 1212 352 sequenti
1245 299 1375 340 maxi

107 384 175 413 me
202 372 399 410 nituntur
426 364 757 418 experimento.

233 429 269 478 §.
311 448 354 484 4.
426 429 466 471 Si
500 428 641 482 phiala
671 428 917 479 angustiore
947 426 1099 467 tubulo
1122 427 1318 469 instructa
1341 439 1385 470 et

104 500 275 553 liquore
314 497 456 548 aliquo
488 492 697 532 corolato
730 503 765 530 c.
790 502 830 542 g.
863 501 968 543 aqua
991 490 1041 530 ad
1067 490 1292 531 dimidiam
1318 503 1381 532 tu-

104 564 193 604 buli
218 572 386 616 partem
410 557 579 610 repleta
598 557 641 596 in
663 568 813 608 aquam
836 553 1083 594 sementem
1109 555 1386 608 immergitur

106 640 236 680 vsque
266 627 317 666 ad
352 622 568 670 tubulum,
609 631 710 660 tunc
750 619 894 672 liquor
932 617 1159 658 coloratus
1195 618 1247 657 ad
1287 631 1379 659 mo—

110 702 304 732 mentum
329 687 597 742 regreditur,
638 695 681 724 et
714 683 872 724 deinde
902 684 1064 724 iterum
1096 682 1294 735 assurgit,
1322 693 1385 724 at·

108 767 189 810 que
211 767 232 794 a
259 752 406 793 calore
429 750 628 791 dilatatus
651 749 856 789 ascendit.

235 812 270 859 §.
314 828 356 866 ς.
423 816 472 858 In
502 814 699 869 frigidam
732 823 775 854 et
798 812 936 866 glacie
961 812 1146 853 mixtam
1172 810 1200 851 fi
1225 811 1385 855 demit*

107 893 222 924 tatur
248 879 415 934 phiala,
454 879 555 920 saltu
578 877 689 932 quasi
713 870 1139 931 concepto'affurgit
1169 877 1314 930 liquor
1335 878 1387 919 ad

104 954 409 996 momentum,
451 953 495 986 et
533 943 694 986 deinde
733 943 875 984 statim
915 941 1134 983 descendit
1167 953 1188 981 a
1219 940 1386 996 frigore

103 1011 364 1051 contractus.

233 1077 270 1124 §.
310 1085 355 1121 6.
420 1079 488 1120 Ex
510 1078 574 1119 his
599 1087 776 1119 naturae
797 1076 1031 1118 contrariis
1059 1075 1388 1129 phaenomenis

99 1145 389 1193 concludunt,
432 1142 743 1184 dilatationem
765 1143 988 1184 vitrorum
1012 1150 1256 1196 eorumque
1278 1153 1386 1182 con-

102 1210 368 1251 tractionem
409 1207 602 1261 probari.

233 1287 270 1334 §.
327 1301 371 1339 7.
439 1292 646 1332 Ass'erunt
687 1291 805 1330 enim
836 1317 848 1340 ‚
920 1289 1040 1343 quod
1081 1302 1159 1343 per
1197 1288 1382 1330 calidam

106 1367 258 1410 aquam
283 1365 371 1394 non
395 1352 524 1394 aliter
548 1354 643 1394 fieri
673 1352 826 1407 possit,
868 1365 993 1407 quam
1026 1363 1071 1394 vt
1102 1354 1246 1407 liquor
1278 1352 1384 1393 dila-

108 1430 225 1461 tetur
252 1428 377 1470 atque
411 1418 622 1456 ascendat.
691 1417 746 1457 Et
785 1429 865 1468 per
904 1416 1104 1468 frigidam
1144 1417 1384 1457 necessario

108 1481 323 1525 descensus
345 1480 487 1520 eidem
512 1480 738 1520 inducatur
768 1489 816 1520 vt
837 1490 992 1530 coeat,
1029 1481 1384 1536 quandoquidem

107 1548 292 1589 eundem
315 1543 547 1586 contrahat
569 1543 713 1597 frigus.

231 1628 269 1675 §.
310 1635 351 1672 8.
418 1632 528 1689 Quia
555 1643 666 1673 vero
699 1631 787 1672 duo
815 1630 922 1671 haec
945 1632 1253 1686 experimenta
1276 1644 1383 1672 con-

107 1698 284 1738 trarium
314 1696 554 1736 monstrant
586 1706 790 1745 motum,
837 1695 1127 1745 concludunt,
1172 1709 1227 1737 ex
1258 1707 1313 1735 eo
1342 1695 1386 1736 id

108 1760 225 1811 fieri,
263 1762 376 1813 quod
398 1759 532 1802 calida
554 1773 659 1815 aqua
680 1762 843 1801 vitrum
869 1761 985 1813 prius
1008 1760 1186 1810 dilatet,
1220 1770 1267 1800 vt
1291 1772 1383 1799 am·

111 1826 219 1879 plius
247 1824 428 1877 spatium
459 1827 676 1880 acquirat,
718 1826 761 1866 in
795 1825 915 1879 quod
943 1824 983 1866 se
1021 1825 1208 1878 recipiat
1236 1825 1384 1877 liquor

108 1901 235 1943 atque
265 1887 461 1940 subsidat,
499 1900 544 1931 et
575 1890 733 1931 deinde
755 1901 777 1929 a
799 1891 949 1931 calore
981 1888 1192 1944 expansus
1219 1888 1382 1930 iterum

110 1955 304 2008 assurgat.
807 1957 823 1975 ”

239 2030 273 2076 §.
317 2049 359 2086 9.
425 2036 596 2093 Frigida
624 2047 738 2078 vero
768 2047 896 2090 aqua,
937 2035 1034 2091 quia
1063 2034 1227 2076 vitrum
1269 2037 1381 2077 eius„

106 2111 187 2154 que
214 2098 483 2152 sphaerulam
511 2101 746 2143 contrahat
777 2100 962 2151 efficiat,
1000 2111 1048 2142 vt
1086 2099 1250 2154 liquor,
1289 2103 1381 2156 pri-

104 2176 280 2218 usquam
311 2176 332 2204 a
363 2163 528 2220 frigore
553 2166 869 2218 contrahatur,
906 2178 986 2221 per
1014 2166 1284 2208 coarctatum
1316 2167 1381 2207 vi-

169 2225 283 2271 Tom.
318 2225 405 2270 IV.
730 2231 767 2274 E
788 2243 811 2272 e
1261 2240 1377 2270 trum
