1976 2605
345 160 693 218 SOCIETATE
730 160 1093 213 INSTITUTA
1122 167 1213 218 &c.
1376 187 1434 216 20
1445 189 1462 218 1

191 293 251 335 est
274 289 564 338 definiendus,
603 299 731 344 quam
760 288 973 330 sententia
1001 289 1103 331 ferri
1131 302 1232 331 tiito
1265 289 1393 345 possit
1424 292 1476 332 de

192 356 429 397 earundem
454 353 694 408 preffione:
732 356 850 407 quod
875 366 916 394 vt
939 354 1153 407 exemplo
1176 356 1262 396 alio
1293 355 1476 398 illustre-

186 429 285 471 tur,
327 418 696 461 considerabimus
718 418 962 470 cylindrum
990 420 1258 459 veiticalitcr
1284 419 1475 473 positum

183 484 488 538 amplitudinis
509 480 621 538 quafi
641 480 841 522 infinitae
857 508 868 530 ,
908 482 1038 534 quiin
1064 485 1212 523 medio
1235 483 1389 524 habeat
1413 485 1472 525 di-

187 548 429 601 aphragma
469 543 786 593 horizontale,
834 558 876 585 in
917 558 1042 598 parte
1077 544 1289 586 inferiore
1326 560 1473 589 autem

184 611 363 654 fundum
387 612 552 666 pariter
570 608 924 651 horizoiitalem;
947 609 1105 650 fuerint
1126 621 1217 650 tum
1240 610 1473 663 diaphrag-

185 689 256 718 ma
293 688 384 718 tum
423 673 574 716 fundus
606 673 894 714 foraminibu>
919 674 1088 726 pertusa
1118 673 1203 714 siue
1233 673 1476 727 aequalibus

183 739 269 781 siue
302 737 609 792 inaequalibus.
679 737 723 780 Si
751 736 972 790 cylindrus
998 738 1076 778 iste
1105 739 1220 793 aquis
1246 738 1398 792 plenus
1426 739 1476 781 sit

184 802 487 856 orificiumque
509 801 686 844 inferius
704 799 938 842 obturetur
960 800 1235 856 perspicuum
1255 803 1312 844 est
1335 802 1475 855 singu-

180 867 242 908 las
269 867 454 922 cylindri
486 878 630 921 partes
662 867 804 920 premi
831 868 1061 907 secundum
1095 865 1265 920 regulas
1294 867 1472 908 ordina-

180 933 291 974 rias:
367 930 451 974 Sed
499 931 641 973 statim
691 942 820 985 atque
866 930 1044 972 effluere
1084 931 1300 985 incipiunt
1340 943 1473 984 aquae

182 995 352 1036 etiamsi
378 994 595 1036 foramina
627 995 800 1036 infinite
837 1008 968 1048 parua
1000 995 1254 1035 censeantur
1293 996 1471 1036 ratione

184 1058 483 1112 amplitudinis
520 1059 739 1113 cylindri,
806 1059 931 1100 aliam
975 1058 1161 1099 sentient
1201 1058 1470 1111 pressionem

180 1133 330 1176 partes
359 1123 580 1175 cylindri,
635 1135 744 1177 quae
772 1121 880 1162 infra
910 1120 1196 1175 diaphragma
1225 1121 1329 1165 sitae
1355 1122 1469 1169 sunt:

179 1186 307 1240 saepe
337 1187 471 1228 etiam
504 1198 652 1239 partes
682 1185 1007 1240 diaphragmati
1037 1187 1270 1239 proximae
1301 1188 1466 1228 intror-

183 1249 271 1289 sum
305 1262 586 1302 prementur·,
622 1263 730 1304 quae
749 1263 861 1291 vero
886 1250 1008 1302 supra
1030 1250 1362 1304 diapliragmata
1381 1261 1466 1309 po·

184 1311 288 1354 sitae
312 1312 430 1361 sunt,
471 1312 584 1353 suam
610 1312 876 1367 pressionem
894 1312 1170 1354 coiiseruant.

311 1439 378 1481 Ita
405 1451 576 1493 quoque
604 1439 633 1480 si
667 1439 712 1479 in
736 1441 777 1480 A
804 1438 918 1479 aliud
955 1440 1215 1492 operculum
1251 1439 1461 1494 fingatur,

183 1502 263 1544 alia
285 1505 366 1545 erit
387 1503 545 1557 pressio
563 1504 605 1543 in
634 1502 773 1544 latera
794 1503 883 1543 tubi
903 1502 983 1546 AC
1007 1513 1051 1543 et
1081 1504 1160 1544 alia
1187 1516 1361 1559 quoque
1388 1519 1462 1548 ve-

181 1567 339 1609 locitas
359 1580 489 1622 aquae
511 1570 553 1610 in
571 1567 646 1611 BC
668 1567 899 1610 effluentis.
962 1568 1080 1609 Haec
1100 1580 1317 1623 vtcunque
1337 1583 1463 1613 com—

183 1630 324 1685 possta
359 1634 619 1684 videantur,
669 1645 758 1673 non
786 1632 877 1673 sunt
905 1642 1054 1672 tamen
1087 1632 1208 1686 supra
1236 1634 1462 1677 theoriam

184 1695 400 1746 nostram,
443 1710 531 1751 ope
548 1697 663 1738 cuius
683 1696 807 1739 facile
827 1696 886 1738 cst
906 1707 949 1737 et
974 1695 1236 1749 pressionem
1265 1709 1310 1740 et
1336 1699 1461 1741 velo·

183 1760 365 1800 citatem
394 1761 593 1804 definire:
631 1763 937 1816 experimenta
966 1773 1111 1802 autem
1139 1761 1259 1802 huius
1289 1775 1461 1817 quoque

184 1825 249 1864 rei
280 1826 426 1878 accepi
454 1826 636 1880 plurima
659 1853 671 1877 ,
725 1838 834 1882 quae
862 1826 1032 1879 semper
1057 1826 1278 1868 theoriam
1309 1829 1461 1871 animo

186 1899 449 1942 conceptam
477 1891 824 1932 confirmarunt:
893 1892 1001 1948 Quia
1023 1904 1130 1931 vei-o
1149 1904 1298 1932 coram
1322 1892 1460 1933 socie·

183 1961 276 1991 tate
314 1953 497 1995 instituta
532 1968 621 1996 nori
659 1954 866 2007 fuerunt,
917 1967 1071 1996 eorum
1107 1955 1355 1998 recensioni
1388 1956 1459 1999 hic

183 2027 275 2055 non
317 2017 601 2062 immorabor.

251 2203 359 2249 Tom.
398 2207 485 2252 IV.
790 2211 859 2255 Cc
1302 2213 1446 2255 ANA-

1507 1465 1584 1508 rig.
1607 1476 1638 1508 3.
