1976 2605
498 152 971 203 MUSCULORUM.
1333 177 1427 220 2⁵³

144 283 236 340 Fig.
277 294 318 335 3·
365 277 543 321 exhibet
575 279 846 332 superficiem
879 278 1008 332 primi
1030 274 1204 333 pollicis
1225 276 1428 321 interno-

364 346 453 395 dii,
496 357 576 399 qua
623 343 720 386 ossis
777 343 1080 387 antecedentis
1149 344 1430 400 superficiem

367 420 523 463 tangit.

263 488 302 519 a.
370 475 592 516 decliuitas
624 473 832 513 interior.

263 543 301 583 b.
373 541 594 581 decliuitus
620 538 840 578 exterior.

267 620 304 646 c.
372 602 619 658 superficies
659 602 819 642 media.

264 671 304 711 d.
374 667 677 723 prominentia
708 665 910 706 anterior
946 662 1095 708 altior.

263 746 301 774 e.
372 733 677 787 prominentia
712 730 949 785 posterior.

144 862 235 916 fig.
273 878 318 915 4.
359 858 476 902 Sistit
506 872 684 902 manum
732 859 954 913 integram
984 885 996 909 ‚
1043 855 1088 898 in
1134 857 1251 898 cuius
1302 856 1433 897 dorso

359 926 560 966 tendines
591 925 852 968 Extensoris
881 923 1031 977 magni
1060 935 1107 963 ac
1135 922 1336 963 tendines
1366 923 1433 961 in-

360 991 533 1029 terstitii
557 1016 568 1038 2
612 990 878 1041 illorumque
914 989 1034 1027 inter
1077 986 1118 1026 se
1156 985 1433 1026 coniunctio·

362 1063 437 1091 nes
467 1051 605 1093 videri
635 1050 826 1104 potsunt.

261 1127 316 1166 a,
356 1128 409 1162 a,
454 1128 489 1154 a.
559 1115 764 1155 tendines
801 1111 995 1156 maiores
1034 1110 1088 1152 ad
1125 1119 1214 1153 tres
1270 1108 1434 1163 digitos

358 1177 717 1232 progredientes.

260 1241 301 1282 b.
370 1245 507 1282 tendo
536 1243 600 1283 int
611 1242 794 1286 erstitius
817 1241 933 1283 inter
953 1239 1259 1283 Auricularem
1281 1248 1323 1280 et
1336 1239 1433 1280 An-

371 1303 582 1346 nui-arem.

265 1379 301 1408 c.
371 1368 511 1409 tendo
536 1368 792 1411 interstitius
816 1367 935 1409 inter
961 1366 1235 1409 Annularem
1268 1377 1311 1408 ct
1333 1366 1434 1409 Me-

362 1430 495 1470 dium.

266 1495 307 1537 d.
373 1493 520 1536 diuifio
554 1494 787 1536 tendinum
817 1493 862 1534 in
893 1492 979 1534 duo
1008 1493 1248 1535 cornicula.

263 1572 301 1602 e.
368 1559 628 1602 Membrana
649 1587 660 1609 ‚
682 1560 820 1609 niba,
862 1570 1023 1608 tenax,
1065 1559 1270 1600 tendines
1300 1557 1432 1599 adin·

358 1624 496 1664 dicem
521 1636 565 1665 et
612 1624 810 1666 Medium
860 1624 1136 1677 pertinentes
1181 1624 1433 1664 continenS.

263 1689 302 1730 f.
365 1688 655 1742 ligamentum
694 1686 904 1732 annulare
945 1687 1139 1732 exterius
1169 1686 1397 1729 disciss‘um.

496 1784 544 1799 f„
620 1794 623 1798 ,

151 1815 241 1871 fig.
282 1828 325 1870 5.
367 1817 541 1859 exhibet
572 1819 755 1873 digitum
785 1816 986 1859 Medium
1010 1843 1023 1868 ,
1063 1824 1192 1869 atque
1228 1812 1434 1855 insertio-

366 1895 438 1924 nes
464 1884 691 1924 tendinum
723 1882 969 1923 extensoris
989 1879 1266 1930 communis,
1291 1879 1432 1921 intet-

367 1946 582 1988 offeorum
606 1975 617 1997 ,
659 1961 705 1987 ac
733 1946 1032 1988 Lumbricalis.

269 2021 306 2051 a.
371 2010 410 2050 b.
474 2011 682 2052 Tendinis
725 2023 822 2064 pars
852 2010 1030 2059 media,
1071 2007 1115 2048 in

267 2085 303 2113 c.
373 2075 726 2117 articulationem
762 2076 991 2115 secundam
1016 2070 1364 2126 superscandens.

268 2137 309 2181 d.
376 2140 533 2196 portio
557 2141 736 2184 secunda
755 2151 799 2180 et
831 2141 963 2181 terti-‚1
989 2137 1195 2182 lateralis.

735 2203 792 2248 li
831 2218 858 2259 3
1388 2207 1434 2239 e·
