<?xml version="1.0" encoding="UTF-8"?>
<!DOCTYPE html PUBLIC "-//W3C//DTD XHTML 1.0 Transitional//EN"
    "http://www.w3.org/TR/xhtml1/DTD/xhtml1-transitional.dtd">
<html xmlns="http://www.w3.org/1999/xhtml" xml:lang="en" lang="en">
 <head>
  <title>
</title>
<meta http-equiv="Content-Type" content="text/html;charset=utf-8" />
  <meta name='ocr-system' content='tesseract 3.04.00' />
  <meta name='ocr-capabilities' content='ocr_page ocr_carea ocr_par ocr_line ocrx_word'/>
</head>
<body>
  <div class='ocr_page' id='page_1' title='image "./commentariiacade04impe/commentariiacade04impe_0043.png"; bbox 0 0 1976 2605; ppageno 0'>
   <div class='ocr_carea' id='block_1_1' title="bbox 240 157 1430 232">
    <p class='ocr_par' dir='ltr' id='par_1_1' title="bbox 240 157 1430 232">
     <span class='ocr_line' id='line_1_1' title="bbox 240 157 1430 232; baseline -0.009 -12"><span class='ocrx_word' id='word_1_1' title='bbox 240 161 574 219; x_wconf 81' lang='lat' dir='ltr'><em>PROBLEMA</em></span> <span class='ocrx_word' id='word_1_2' title='bbox 613 157 1320 232; x_wconf 75' lang='lat' dir='ltr'><strong><em>TRIGONOMETRICOSPH.</em></strong></span> <span class='ocrx_word' id='word_1_3' title='bbox 1374 181 1399 220; x_wconf 74' lang='lat'>3</span> <span class='ocrx_word' id='word_1_4' title='bbox 1410 182 1430 209; x_wconf 75' lang='grc' dir='ltr'>ι</span> 
     </span>
    </p>
   </div>
   <div class='ocr_carea' id='block_1_2' title="bbox 231 286 1363 452">
    <p class='ocr_par' dir='ltr' id='par_1_2' title="bbox 231 286 1363 452">
     <span class='ocr_line' id='line_1_2' title="bbox 575 286 1024 351; baseline 0 -2"><span class='ocrx_word' id='word_1_5' title='bbox 575 286 1024 351; x_wconf 87' lang='lat' dir='ltr'><strong>PROBLEMA</strong></span> 
     </span>
     <span class='ocr_line' id='line_1_3' title="bbox 231 395 1363 452; baseline -0.01 -4"><span class='ocrx_word' id='word_1_6' title='bbox 231 395 1363 452; x_wconf 77' lang='lat' dir='ltr'><strong>TRIGONOMETRICOSPHAERICUM.</strong></span> 
     </span>
    </p>
   </div>
   <div class='ocr_carea' id='block_1_3' title="bbox 459 500 1138 604">
    <p class='ocr_par' dir='ltr' id='par_1_3' title="bbox 459 500 1138 604">
     <span class='ocr_line' id='line_1_4' title="bbox 459 500 1138 604; baseline -0.015 -33"><span class='ocrx_word' id='word_1_7' title='bbox 459 503 634 571; x_wconf 78' lang='lat' dir='ltr'><em>Auth.</em></span> <span class='ocrx_word' id='word_1_8' title='bbox 673 501 738 566; x_wconf 85' lang='lat' dir='ltr'>F.</span> <span class='ocrx_word' id='word_1_9' title='bbox 782 500 843 563; x_wconf 88' lang='lat' dir='ltr'>C.</span> <span class='ocrx_word' id='word_1_10' title='bbox 885 501 1138 604; x_wconf 69' lang='lat' dir='ltr'>Mayero.</span> 
     </span>
    </p>
   </div>
   <div class='ocr_carea' id='block_1_4' title="bbox 782 676 821 715">
    <p class='ocr_par' dir='ltr' id='par_1_4' title="bbox 782 676 821 715">
     <span class='ocr_line' id='line_1_5' title="bbox 782 676 821 715; baseline 0 0"><span class='ocrx_word' id='word_1_11' title='bbox 782 676 821 715; x_wconf 51' lang='lat'>13</span> 
     </span>
    </p>
   </div>
   <div class='ocr_carea' id='block_1_5' title="bbox 175 767 1445 979">
    <p class='ocr_par' dir='ltr' id='par_1_5' title="bbox 175 767 1445 979">
     <span class='ocr_line' id='line_1_6' title="bbox 175 767 1441 979; baseline -0.004 -141"><span class='ocrx_word' id='word_1_12' title='bbox 175 767 217 979; x_wconf 58' lang='grc' dir='ltr'><em>ε</em></span> <span class='ocrx_word' id='word_1_13' title='bbox 301 767 337 958; x_wconf 62' lang='lat' dir='ltr'>:i</span> <span class='ocrx_word' id='word_1_14' title='bbox 368 795 452 838; x_wconf 85' lang='lat' dir='ltr'>duo</span> <span class='ocrx_word' id='word_1_15' title='bbox 477 792 691 848; x_wconf 82' lang='lat' dir='ltr'>triangula</span> <span class='ocrx_word' id='word_1_16' title='bbox 721 791 944 850; x_wconf 73' lang='lat' dir='ltr'>sphaerica</span> <span class='ocrx_word' id='word_1_17' title='bbox 968 791 1045 835; x_wconf 83' lang='lat' dir='ltr'>fibi</span> <span class='ocrx_word' id='word_1_18' title='bbox 1067 803 1221 835; x_wconf 89' lang='lat' dir='ltr'>mutuo</span> <span class='ocrx_word' id='word_1_19' title='bbox 1246 793 1303 835; x_wconf 86' lang='lat' dir='ltr'>ita</span> <span class='ocrx_word' id='word_1_20' title='bbox 1330 792 1441 834; x_wconf 85' lang='lat' dir='ltr'>inse-</span> 
     </span>
     <span class='ocr_line' id='line_1_7' title="bbox 360 858 1445 914; baseline -0.001 -12"><span class='ocrx_word' id='word_1_21' title='bbox 360 871 541 912; x_wconf 84' lang='lat' dir='ltr'>runtur,</span> <span class='ocrx_word' id='word_1_22' title='bbox 588 870 633 900; x_wconf 92' lang='lat' dir='ltr'>ut</span> <span class='ocrx_word' id='word_1_23' title='bbox 673 859 779 900; x_wconf 78' lang='lat' dir='ltr'>duae</span> <span class='ocrx_word' id='word_1_24' title='bbox 808 870 955 914; x_wconf 81' lang='lat' dir='ltr'>partes</span> <span class='ocrx_word' id='word_1_25' title='bbox 982 861 1025 899; x_wconf 92' lang='lat' dir='ltr'>in</span> <span class='ocrx_word' id='word_1_26' title='bbox 1056 872 1145 900; x_wconf 88' lang='lat' dir='ltr'>uno</span> <span class='ocrx_word' id='word_1_27' title='bbox 1178 858 1257 899; x_wconf 78' lang='lat' dir='ltr'>sint</span> <span class='ocrx_word' id='word_1_28' title='bbox 1289 859 1445 901; x_wconf 83' lang='lat' dir='ltr'>duabus</span> 
     </span>
    </p>
   </div>
   <div class='ocr_carea' id='block_1_6' title="bbox 144 923 1447 1601">
    <p class='ocr_par' dir='ltr' id='par_1_6' title="bbox 144 923 1447 1601">
     <span class='ocr_line' id='line_1_8' title="bbox 360 923 1440 979; baseline -0.003 -13"><span class='ocrx_word' id='word_1_29' title='bbox 360 926 548 979; x_wconf 78' lang='lat' dir='ltr'>partibus</span> <span class='ocrx_word' id='word_1_30' title='bbox 570 925 610 964; x_wconf 90' lang='lat' dir='ltr'>in</span> <span class='ocrx_word' id='word_1_31' title='bbox 632 924 777 964; x_wconf 79' lang='lat' dir='ltr'>altero</span> <span class='ocrx_word' id='word_1_32' title='bbox 805 926 1002 977; x_wconf 76' lang='lat' dir='ltr'>aequales</span> <span class='ocrx_word' id='word_1_33' title='bbox 1024 924 1093 964; x_wconf 85' lang='lat' dir='ltr'>vel</span> <span class='ocrx_word' id='word_1_34' title='bbox 1117 923 1440 972; x_wconf 73' lang='lat' dir='ltr'>coincidentes,</span> 
     </span>
     <span class='ocr_line' id='line_1_9' title="bbox 153 987 1441 1045; baseline -0.004 -14"><span class='ocrx_word' id='word_1_35' title='bbox 153 992 182 1031; x_wconf 85' lang='lat' dir='ltr'>fi</span> <span class='ocrx_word' id='word_1_36' title='bbox 203 1003 417 1045; x_wconf 66' lang='lat' dir='ltr'>practerea</span> <span class='ocrx_word' id='word_1_37' title='bbox 434 999 622 1044; x_wconf 77' lang='lat' dir='ltr'>quatuor</span> <span class='ocrx_word' id='word_1_38' title='bbox 644 988 753 1029; x_wconf 71' lang='lat' dir='ltr'>aliae</span> <span class='ocrx_word' id='word_1_39' title='bbox 776 1000 923 1042; x_wconf 78' lang='lat' dir='ltr'>partes</span> <span class='ocrx_word' id='word_1_40' title='bbox 943 987 1254 1041; x_wconf 79' lang='lat' dir='ltr'>cognitaesunt</span> <span class='ocrx_word' id='word_1_41' title='bbox 1275 989 1346 1029; x_wconf 82' lang='lat' dir='ltr'>vel</span> <span class='ocrx_word' id='word_1_42' title='bbox 1369 988 1441 1027; x_wconf 83' lang='lat' dir='ltr'>da-</span> 
     </span>
     <span class='ocr_line' id='line_1_10' title="bbox 154 1053 1447 1109; baseline -0.003 -15"><span class='ocrx_word' id='word_1_43' title='bbox 154 1066 250 1107; x_wconf 79' lang='lat' dir='ltr'>tae3</span> <span class='ocrx_word' id='word_1_44' title='bbox 297 1057 486 1109; x_wconf 82' lang='lat' dir='ltr'>reliquae</span> <span class='ocrx_word' id='word_1_45' title='bbox 510 1053 582 1094; x_wconf 86' lang='lat' dir='ltr'>sex</span> <span class='ocrx_word' id='word_1_46' title='bbox 612 1065 768 1094; x_wconf 86' lang='lat' dir='ltr'>omnes</span> <span class='ocrx_word' id='word_1_47' title='bbox 804 1053 1112 1093; x_wconf 65' lang='lat' dir='ltr'>determinatae</span> <span class='ocrx_word' id='word_1_48' title='bbox 1136 1053 1229 1094; x_wconf 88' lang='lat' dir='ltr'>sunt</span> <span class='ocrx_word' id='word_1_49' title='bbox 1258 1063 1447 1105; x_wconf 88' lang='lat' dir='ltr'>quoque,</span> 
     </span>
     <span class='ocr_line' id='line_1_11' title="bbox 154 1115 1443 1173; baseline -0.003 -14"><span class='ocrx_word' id='word_1_50' title='bbox 154 1129 196 1159; x_wconf 93' lang='lat' dir='ltr'>ct</span> <span class='ocrx_word' id='word_1_51' title='bbox 220 1121 405 1173; x_wconf 86' lang='lat' dir='ltr'>reperiri</span> <span class='ocrx_word' id='word_1_52' title='bbox 430 1118 617 1172; x_wconf 82' lang='lat' dir='ltr'><strong>possunt.</strong></span> <span class='ocrx_word' id='word_1_53' title='bbox 678 1117 819 1159; x_wconf 82' lang='lat' dir='ltr'>Multa</span> <span class='ocrx_word' id='word_1_54' title='bbox 842 1115 960 1172; x_wconf 79' lang='lat' dir='ltr'>hujus</span> <span class='ocrx_word' id='word_1_55' title='bbox 984 1119 1158 1171; x_wconf 86' lang='lat' dir='ltr'>generis</span> <span class='ocrx_word' id='word_1_56' title='bbox 1184 1115 1443 1171; x_wconf 79' lang='lat' dir='ltr'>problema-</span> 
     </span>
     <span class='ocr_line' id='line_1_12' title="bbox 153 1177 1444 1236; baseline -0.003 -13"><span class='ocrx_word' id='word_1_57' title='bbox 153 1193 195 1223; x_wconf 81' lang='lat' dir='ltr'>ta</span> <span class='ocrx_word' id='word_1_58' title='bbox 217 1183 490 1225; x_wconf 82' lang='lat' dir='ltr'>comminisci</span> <span class='ocrx_word' id='word_1_59' title='bbox 511 1182 639 1231; x_wconf 86' lang='lat' dir='ltr'>licet,</span> <span class='ocrx_word' id='word_1_60' title='bbox 680 1183 726 1222; x_wconf 90' lang='lat' dir='ltr'>in</span> <span class='ocrx_word' id='word_1_61' title='bbox 749 1182 894 1236; x_wconf 75' lang='lat' dir='ltr'>quibus</span> <span class='ocrx_word' id='word_1_62' title='bbox 922 1181 1130 1223; x_wconf 84' lang='lat' dir='ltr'>nonnulla</span> <span class='ocrx_word' id='word_1_63' title='bbox 1159 1182 1302 1223; x_wconf 87' lang='lat' dir='ltr'>solutu</span> <span class='ocrx_word' id='word_1_64' title='bbox 1330 1177 1444 1220; x_wconf 83' lang='lat' dir='ltr'>diffi-</span> 
     </span>
     <span class='ocr_line' id='line_1_13' title="bbox 151 1246 1441 1300; baseline -0.002 -15"><span class='ocrx_word' id='word_1_65' title='bbox 151 1246 247 1288; x_wconf 84' lang='lat' dir='ltr'>cilia</span> <span class='ocrx_word' id='word_1_66' title='bbox 267 1248 360 1290; x_wconf 86' lang='lat' dir='ltr'>sunt</span> <span class='ocrx_word' id='word_1_67' title='bbox 384 1247 523 1288; x_wconf 77' lang='lat' dir='ltr'>valde.</span> <span class='ocrx_word' id='word_1_68' title='bbox 565 1249 739 1287; x_wconf 84' lang='lat' dir='ltr'>Horum</span> <span class='ocrx_word' id='word_1_69' title='bbox 764 1247 1015 1300; x_wconf 79' lang='lat' dir='ltr'>praecipua,</span> <span class='ocrx_word' id='word_1_70' title='bbox 1040 1247 1215 1299; x_wconf 85' lang='lat' dir='ltr'>ususque</span> <span class='ocrx_word' id='word_1_71' title='bbox 1238 1246 1441 1286; x_wconf 85' lang='lat' dir='ltr'>astrono-</span> 
     </span>
     <span class='ocr_line' id='line_1_14' title="bbox 152 1306 1445 1356; baseline -0.002 -8"><span class='ocrx_word' id='word_1_72' title='bbox 152 1313 292 1350; x_wconf 85' lang='lat' dir='ltr'>micos</span> <span class='ocrx_word' id='word_1_73' title='bbox 331 1324 422 1349; x_wconf 93' lang='lat' dir='ltr'>non</span> <span class='ocrx_word' id='word_1_74' title='bbox 461 1311 818 1348; x_wconf 74' lang='lat' dir='ltr'>contemnendos</span> <span class='ocrx_word' id='word_1_75' title='bbox 855 1310 1084 1356; x_wconf 83' lang='lat' dir='ltr'>habentia,</span> <span class='ocrx_word' id='word_1_76' title='bbox 1126 1309 1298 1347; x_wconf 76' lang='lat' dir='ltr'>solvere</span> <span class='ocrx_word' id='word_1_77' title='bbox 1338 1306 1445 1346; x_wconf 82' lang='lat' dir='ltr'>mihi</span> 
     </span>
     <span class='ocr_line' id='line_1_15' title="bbox 153 1366 1445 1420; baseline 0.002 -14"><span class='ocrx_word' id='word_1_78' title='bbox 153 1370 369 1420; x_wconf 82' lang='lat' dir='ltr'>contigit,</span> <span class='ocrx_word' id='word_1_79' title='bbox 408 1378 543 1419; x_wconf 78' lang='lat' dir='ltr'>quae,</span> <span class='ocrx_word' id='word_1_80' title='bbox 584 1367 679 1417; x_wconf 79' lang='lat' dir='ltr'>quia</span> <span class='ocrx_word' id='word_1_81' title='bbox 709 1366 758 1405; x_wconf 79' lang='lat' dir='ltr'>ab</span> <span class='ocrx_word' id='word_1_82' title='bbox 790 1366 881 1404; x_wconf 76' lang='lat' dir='ltr'>aliis</span> <span class='ocrx_word' id='word_1_83' title='bbox 911 1369 1106 1405; x_wconf 89' lang='lat' dir='ltr'>nondum</span> <span class='ocrx_word' id='word_1_84' title='bbox 1141 1370 1239 1407; x_wconf 82' lang='lat' dir='ltr'>satis</span> <span class='ocrx_word' id='word_1_85' title='bbox 1269 1369 1445 1409; x_wconf 74' lang='lat' dir='ltr'>exculta</span> 
     </span>
     <span class='ocr_line' id='line_1_16' title="bbox 153 1426 1445 1484; baseline 0 -13"><span class='ocrx_word' id='word_1_86' title='bbox 153 1433 379 1477; x_wconf 62' lang='lat' dir='ltr'>videntur,</span> <span class='ocrx_word' id='word_1_87' title='bbox 422 1430 464 1467; x_wconf 88' lang='lat' dir='ltr'>in</span> <span class='ocrx_word' id='word_1_88' title='bbox 497 1427 691 1466; x_wconf 87' lang='lat' dir='ltr'>medium</span> <span class='ocrx_word' id='word_1_89' title='bbox 725 1426 968 1478; x_wconf 80' lang='lat' dir='ltr'>proferre,</span> <span class='ocrx_word' id='word_1_90' title='bbox 1012 1427 1445 1484; x_wconf 86' lang='lat' dir='ltr'>intelligentiumque</span> 
     </span>
     <span class='ocr_line' id='line_1_17' title="bbox 144 1489 1445 1547; baseline 0.002 -14"><span class='ocrx_word' id='word_1_91' title='bbox 144 1492 312 1547; x_wconf 84' lang='lat' dir='ltr'>judicio</span> <span class='ocrx_word' id='word_1_92' title='bbox 342 1490 516 1531; x_wconf 84' lang='lat' dir='ltr'>subdere</span> <span class='ocrx_word' id='word_1_93' title='bbox 546 1491 681 1530; x_wconf 77' lang='lat' dir='ltr'>volui.</span> <span class='ocrx_word' id='word_1_94' title='bbox 753 1489 795 1531; x_wconf 91' lang='lat' dir='ltr'>Si</span> <span class='ocrx_word' id='word_1_95' title='bbox 820 1491 991 1531; x_wconf 80' lang='lat' dir='ltr'>occasio</span> <span class='ocrx_word' id='word_1_96' title='bbox 1024 1492 1255 1547; x_wconf 82' lang='lat' dir='ltr'>aliquando</span> <span class='ocrx_word' id='word_1_97' title='bbox 1287 1494 1445 1536; x_wconf 76' lang='lat' dir='ltr'>faverit</span> 
     </span>
     <span class='ocr_line' id='line_1_18' title="bbox 151 1553 1444 1601; baseline 0.002 -3"><span class='ocrx_word' id='word_1_98' title='bbox 151 1569 198 1597; x_wconf 86' lang='lat' dir='ltr'>ut</span> <span class='ocrx_word' id='word_1_99' title='bbox 232 1557 400 1597; x_wconf 83' lang='lat' dir='ltr'>idoneis</span> <span class='ocrx_word' id='word_1_100' title='bbox 429 1553 805 1595; x_wconf 73' lang='lat' dir='ltr'>observationibus</span> <span class='ocrx_word' id='word_1_101' title='bbox 839 1555 1064 1597; x_wconf 81' lang='lat' dir='ltr'>theoriam</span> <span class='ocrx_word' id='word_1_102' title='bbox 1101 1556 1210 1598; x_wconf 76' lang='lat' dir='ltr'>hanc</span> <span class='ocrx_word' id='word_1_103' title='bbox 1234 1557 1444 1601; x_wconf 79' lang='lat' dir='ltr'>illustrare</span> 
     </span>
    </p>
   </div>
   <div class='ocr_carea' id='block_1_7' title="bbox 152 1619 1441 1678">
    <p class='ocr_par' dir='ltr' id='par_1_7' title="bbox 152 1619 1441 1678">
     <span class='ocr_line' id='line_1_19' title="bbox 152 1619 1441 1678; baseline 0.003 -17"><span class='ocrx_word' id='word_1_104' title='bbox 152 1621 300 1672; x_wconf 85' lang='lat' dir='ltr'>detur,</span> <span class='ocrx_word' id='word_1_105' title='bbox 344 1619 494 1661; x_wconf 87' lang='lat' dir='ltr'>officio</span> <span class='ocrx_word' id='word_1_106' title='bbox 517 1632 607 1661; x_wconf 90' lang='lat' dir='ltr'>non</span> <span class='ocrx_word' id='word_1_107' title='bbox 630 1619 766 1660; x_wconf 86' lang='lat' dir='ltr'>deero</span> <span class='ocrx_word' id='word_1_108' title='bbox 790 1621 1219 1678; x_wconf 79' lang='lat' dir='ltr'>communicaboque</span> <span class='ocrx_word' id='word_1_109' title='bbox 1243 1634 1441 1678; x_wconf 79' lang='lat' dir='ltr'>reperta.</span> 
     </span>
    </p>
   </div>
   <div class='ocr_carea' id='block_1_8' title="bbox 154 1769 1443 2080">
    <p class='ocr_par' dir='ltr' id='par_1_8' title="bbox 154 1769 1443 2080">
     <span class='ocr_line' id='line_1_20' title="bbox 284 1769 1440 1826; baseline 0.003 -18"><span class='ocrx_word' id='word_1_110' title='bbox 284 1783 326 1808; x_wconf 88' lang='lat'>2.</span> <span class='ocrx_word' id='word_1_111' title='bbox 390 1770 580 1810; x_wconf 84' lang='lat' dir='ltr'>Primum</span> <span class='ocrx_word' id='word_1_112' title='bbox 605 1771 748 1824; x_wconf 78' lang='lat' dir='ltr'>itaque</span> <span class='ocrx_word' id='word_1_113' title='bbox 772 1781 882 1811; x_wconf 90' lang='lat' dir='ltr'>nunc</span> <span class='ocrx_word' id='word_1_114' title='bbox 906 1769 1232 1813; x_wconf 83' lang='lat' dir='ltr'>describendum</span> <span class='ocrx_word' id='word_1_115' title='bbox 1260 1772 1440 1826; x_wconf 79' lang='lat' dir='ltr'>proble-</span> 
     </span>
     <span class='ocr_line' id='line_1_21' title="bbox 154 1831 1443 1891; baseline 0.005 -20"><span class='ocrx_word' id='word_1_116' title='bbox 154 1845 223 1872; x_wconf 83' lang='lat' dir='ltr'>ma</span> <span class='ocrx_word' id='word_1_117' title='bbox 243 1831 295 1871; x_wconf 73' lang='lat' dir='ltr'>sic</span> <span class='ocrx_word' id='word_1_118' title='bbox 317 1832 523 1874; x_wconf 78' lang='lat' dir='ltr'>sehabet:</span> <span class='ocrx_word' id='word_1_119' title='bbox 578 1833 627 1876; x_wconf 95' lang='lat' dir='ltr'>In</span> <span class='ocrx_word' id='word_1_120' title='bbox 648 1835 812 1875; x_wconf 79' lang='lat' dir='ltr'>duobus</span> <span class='ocrx_word' id='word_1_121' title='bbox 833 1836 1058 1889; x_wconf 76' lang='lat' dir='ltr'>triangulis</span> <span class='ocrx_word' id='word_1_122' title='bbox 1079 1837 1313 1891; x_wconf 78' lang='lat' dir='ltr'>sphaericis</span> <span class='ocrx_word' id='word_1_123' title='bbox 1339 1834 1443 1878; x_wconf 83' lang='lat' dir='ltr'>SPZ</span> 
     </span>
     <span class='ocr_line' id='line_1_22' title="bbox 155 1894 1438 1950; baseline 0.005 -14"><span class='ocrx_word' id='word_1_124' title='bbox 155 1907 199 1936; x_wconf 88' lang='lat' dir='ltr'>ct</span> <span class='ocrx_word' id='word_1_125' title='bbox 221 1894 332 1947; x_wconf 79' lang='lat' dir='ltr'><em>sPZ,</em></span> <span class='ocrx_word' id='word_1_126' title='bbox 361 1901 589 1938; x_wconf 88' lang='lat' dir='ltr'>communi</span> <span class='ocrx_word' id='word_1_127' title='bbox 612 1899 693 1939; x_wconf 67' lang='lat' dir='ltr'>basi</span> <span class='ocrx_word' id='word_1_128' title='bbox 717 1897 784 1940; x_wconf 86' lang='lat' dir='ltr'>PZ</span> <span class='ocrx_word' id='word_1_129' title='bbox 807 1899 1115 1950; x_wconf 70' lang='lat' dir='ltr'>insistentibus,</span> <span class='ocrx_word' id='word_1_130' title='bbox 1140 1913 1182 1941; x_wconf 77' lang='lat' dir='ltr'>et</span> <span class='ocrx_word' id='word_1_131' title='bbox 1210 1901 1438 1949; x_wconf 47' lang='grc' dir='ltr'>ᾗκεν-ΛΞΡ,</span> 
     </span>
     <span class='ocr_line' id='line_1_23' title="bbox 160 1961 1441 2019; baseline 0.006 -20"><span class='ocrx_word' id='word_1_132' title='bbox 160 1961 204 2000; x_wconf 58' lang='lat' dir='ltr'>:P</span> <span class='ocrx_word' id='word_1_133' title='bbox 235 1961 420 2014; x_wconf 74' lang='lat' dir='ltr'>aequalia</span> <span class='ocrx_word' id='word_1_134' title='bbox 450 1961 732 2010; x_wconf 76' lang='lat' dir='ltr'>habentibus,</span> <span class='ocrx_word' id='word_1_135' title='bbox 783 1964 862 2004; x_wconf 76' lang='lat' dir='ltr'>sint</span> <span class='ocrx_word' id='word_1_136' title='bbox 894 1965 982 2004; x_wconf 81' lang='lat' dir='ltr'>dati</span> <span class='ocrx_word' id='word_1_137' title='bbox 1016 1966 1161 2019; x_wconf 79' lang='lat' dir='ltr'>anguli</span> <span class='ocrx_word' id='word_1_138' title='bbox 1189 1966 1241 2006; x_wconf 83' lang='lat' dir='ltr'>ad</span> <span class='ocrx_word' id='word_1_139' title='bbox 1276 1966 1305 2007; x_wconf 89' lang='lat' dir='ltr'>P</span> <span class='ocrx_word' id='word_1_140' title='bbox 1333 1976 1374 2006; x_wconf 86' lang='lat' dir='ltr'>et</span> <span class='ocrx_word' id='word_1_141' title='bbox 1402 1962 1441 2006; x_wconf 91' lang='lat' dir='ltr'>Z</span> 
     </span>
     <span class='ocr_line' id='line_1_24' title="bbox 155 2025 819 2080; baseline 0 -14"><span class='ocrx_word' id='word_1_142' title='bbox 155 2036 325 2066; x_wconf 77' lang='lat' dir='ltr'>ornnes:</span> <span class='ocrx_word' id='word_1_143' title='bbox 359 2037 623 2080; x_wconf 78' lang='lat' dir='ltr'>quaeruntur</span> <span class='ocrx_word' id='word_1_144' title='bbox 646 2025 819 2080; x_wconf 65' lang='lat' dir='ltr'>reliqua.</span> 
     </span>
    </p>
   </div>
   <div class='ocr_carea' id='block_1_9' title="bbox 1373 2224 1437 2267">
    <p class='ocr_par' dir='ltr' id='par_1_9' title="bbox 1373 2224 1437 2267">
     <span class='ocr_line' id='line_1_25' title="bbox 1373 2224 1437 2267; baseline -0.047 0"><span class='ocrx_word' id='word_1_145' title='bbox 1373 2224 1437 2267; x_wconf 88' lang='lat' dir='ltr'>Sit</span> 
     </span>
    </p>
   </div>
  </div>
 </body>
</html>
