1976 2605
590 217 688 257 262
1071 207 1160 254 DE
1195 205 1448 256 STATVA

590 330 832 386 produxit,
871 340 923 368 ne
955 326 1054 381 quid
1081 339 1193 367 nunc
1222 325 1544 379 Anthologiam
1567 339 1849 368 commemo-

587 408 696 435 rem.
765 391 1048 440 Praxitelen,
1089 390 1294 443 Philippo
1331 392 1554 442 Amyntae
1583 401 1625 430 et
1654 392 1849 432 Alexan-

585 459 667 497 dro
700 456 762 495 Μ.
790 454 957 507 regibus
988 453 1178 494 floruisse
1210 455 1421 506 reperio,
1463 454 1682 506 aliquanto
1711 456 1848 494 maio-

584 531 679 558 rem
697 517 909 569 Lysippo,
934 519 1000 557 cui
1028 518 1170 557 aeneis
1194 518 1235 556 in
1257 516 1381 569 signis
1403 517 1762 567 itaconcedebat‚
1802 527 1849 558 vt

584 584 630 622 in
665 582 926 620 marmoreis
966 580 1069 620 esset
1109 580 1306 620 summus.
1407 580 1473 620 Ob
1521 593 1616 620 eam
1669 580 1850 621 caussam

586 643 744 686 Plinius
780 646 847 693 (5)
888 643 1008 683 illum
1038 641 1305 696 Olympiade
1337 644 1453 685 CIV.
1487 643 1528 681 in
1563 657 1687 696 quam
1729 645 1851 684 initia

586 706 777 760 Philippi
807 707 1027 757 incidunt,
1066 706 1177 745 hunc
1206 706 1470 759 Olympiade
1493 706 1656 748 CX.V.
1686 707 1778 759 ipso
1810 708 1852 747 in

585 773 702 811 exitu
740 771 983 810 Alexandri
1013 769 1265 810 collocauit.
1333 772 1394 811 At
1431 782 1526 810 cum
1562 770 1852 810 Harmodium

585 844 630 873 et
659 834 1011 885 Aristogitonem
1040 833 1331 886 tyrannicidas
1357 847 1380 874 a
1416 832 1634 874 Praxitele
1670 834 1715 873 in
1753 844 1853 873 aere

585 896 696 936 fusos
727 895 866 937 scribit
890 924 900 944 ‚
941 910 990 938 ea
1019 906 1166 938 autem
1194 897 1309 949 figna
1339 909 1363 936 a
1399 898 1551 938 Xerxe
1590 897 1633 937 in
1667 895 1854 954 Persiam

586 959 701 998 fuisse
731 969 1059 1009 transportata,
1099 961 1149 998 ab
1197 960 1454 1000 Alexandro
1494 959 1667 1012 populo
1712 959 1855 1000 Athe-

591 1019 721 1058 niensl
742 1020 934 1058 restituta
957 1046 967 1068 ‚
1010 1018 1219 1059 summam
1243 1032 1388 1060 rerum
1412 1030 1454 1060 et
1477 1030 1732 1073 temporum
1745 1034 1853 1062 con-

589 1082 800 1121 fusionem
829 1083 1067 1121 admiscuit.
1134 1084 1249 1124 Nam
1277 1083 1325 1122 ab
1355 1084 1646 1135 expeditione
1692 1084 1856 1124 Xerxis

590 1145 640 1184 ad
670 1143 980 1197 Olympiadem
1010 1143 1127 1185 CIV.
1149 1145 1248 1183 anni
1270 1154 1442 1185 centum
1467 1154 1510 1183 et
1539 1146 1693 1195 viginti
1715 1147 1853 1184 inter-

590 1208 774 1255 cedunt,
817 1216 862 1246 vt
895 1206 1070 1247 illorum
1094 1206 1314 1259 signorum
1334 1208 1483 1247 auc‘tor
1512 1206 1747 1247 Praxiteles
1770 1207 1853 1245 ess'e

592 1284 683 1310 non
716 1271 929 1322 potuerit.
996 1269 1212 1310 Pausanias
1249 1272 1356 1320 (6)
1395 1269 1541 1320 vtique
1573 1271 1853 1308 Antenorem

590 1334 703 1388 signa
732 1334 963 1374 Harmodii
996 1342 1039 1372 et
1068 1332 1382 1384 Aristogitonis
1403 1359 1414 1381 ,
1456 1343 1561 1383 quae
1588 1332 1759 1372 Xerxes
1784 1343 1853 1370 ra-

590 1399 716 1451 puit,
756 1395 896 1435 feciffe
927 1396 1083 1436 scribit.
1150 1397 1269 1436 Hanc
1297 1394 1524 1435 Praxitelis
1577 1404 1620 1434 et
1675 1394 1853 1447 Lysippi

589 1472 778 1501 aetatem
803 1486 812 1508 ,
855 1472 980 1510 quam
1021 1471 1076 1498 ex
1102 1458 1243 1497 Plinio
1273 1458 1420 1505 edidi,
1463 1459 1598 1496 ceteri
1628 1456 1716 1497 fere
1745 1470 1852 1498 con-

589 1523 781 1563 firmant.
850 1523 910 1562 At
939 1519 1202 1563 Callistratus
1225 1521 1266 1559 in
1295 1520 1436 1559 statuis
1460 1545 1469 1567 ,
1512 1520 1753 1573 scrupulum
1776 1521 1851 1561 ali-

588 1587 655 1625 cui
684 1586 864 1625 iniicere
894 1583 1050 1636 potest.
1091 1583 1202 1624 Cum
1234 1584 1350 1622 enim
1379 1582 1486 1621 illius
1512 1579 1851 1639 ΕκΦξασ-ιςὸεο·

591 1662 704 1702 pue,
747 1647 973 1687 Praxitelis
1001 1657 1043 1685 et
1072 1646 1247 1698 Lysippi
1277 1648 1504 1686 statuarum
1542 1649 1679 1687 exstet
1703 1674 1713 1695 ,
1755 1660 1852 1688 eam

589 1723 733 1753 autem
763 1711 948 1751 Ioannes
977 1709 1184 1751 Meurfius
1226 1720 1268 1749 et
1322 1708 1592 1751 Godofridus
1637 1710 1848 1761 Olearius,

589 1788 695 1829 quos
730 1774 913 1814 honoris
950 1773 1083 1814 caussa
1120 1774 1306 1812 nomino
1342 1801 1352 1822 ,
1394 1772 1641 1815 Callistrato
1679 1776 1851 1814 oratori

591 1842 813 1886 tribuunt,
856 1850 980 1891 quem
1006 1835 1326 1879 Demosthenes
1347 1836 1521 1877 sectatus
1544 1838 1624 1886 est,
1668 1850 1758 1877 non
1780 1839 1851 1877 ab—

587 1904 715 1942 surdo
764 1902 997 1941 ratiocinio
1037 1900 1291 1955 colligitur,
1333 1900 1598 1952 superiorem
1644 1901 1849 1954 Philippo

591 1980 693 2018 rege
719 1965 980 2006 Praxitelem
1012 1964 1124 2003 fuisse
1155 1976 1196 2004 et
1218 1964 1463 2006 Callistrato
1488 1966 1597 2017 ipso.
1639 1963 1721 2005 Sed
1735 1966 1852 2017 quod

589 2030 654 2068 isti
683 2030 854 2082 quidem
878 2040 997 2070 tanta
1020 2031 1112 2068 veri
1135 2027 1287 2067 fiducia
1311 2028 1537 2078 asseruere,
1577 2028 1617 2067 id
1643 2029 1852 2067 nosvide·

594 2092 694 2131 licet
739 2105 941 2145 negamus
971 2121 981 2142 ,
1025 2092 1316 2135 Callistratum
1365 2103 1589 2132 oratorem
1635 2087 1853 2147 ἐκφράσεις

1800 2156 1851 2194 il-

677 2250 769 2289 <5)1.
792 2251 932 2279 ΧΧΧιν.
960 2254 988 2281 8.
1034 2253 1089 2290 (a)
1115 2263 1142 2289 p.
1170 2260 1221 2283 20.
