1976 2605
204 166 601 232 OBSERVAno
646 180 1134 230 LONmTVmst
1277 200 1373 243 327

91 303 186 346 dem
207 314 324 358 quam
341 301 527 345 Lutetiae
543 300 785 345 Parisiorum
809 302 882 344 scil.
906 305 1084 359 3pedum
1110 310 1165 365 8-'2-
1184 302 1376 347 linearum

90 367 259 408 dederat
273 398 284 417 ,
322 365 534 408 obseruatis
550 367 730 420 quotidie
752 368 909 407 iteratis
926 369 1074 410 vicibus
1098 377 1291 422 quantum
1319 368 1376 409 vi-

88 421 290 462 brationes
317 422 470 474 penduli
504 421 685 474 simplicis
708 423 974 463 accelerarent
1006 425 1070 464 rel
1087 423 1309 464 deficerent
1327 422 1375 463 ab

88 475 294 528 horologii
313 475 541 517 ol'cillatorii
561 475 833 517 vibrationum
855 489 1029 517 nurnero
1085 479 1372 523 determinato,

83 531 245 583 quidem
291 531 352 584 qui
390 541 551 583 poterat
604 531 802 572 maximus
825 531 1084 574 adhibebatur
1110 545 1229 574 antea
1253 546 1373 587 quam

87 585 301 639 pendulum
318 584 435 628 lemel
453 587 645 642 agitatum
665 586 821 628 moueri
852 584 1024 630 cessaret.

227 662 439 704 Moueudo
460 663 669 718 pendulum
690 661 859 715 simplex
887 665 1039 706 curauit
1059 673 1104 706 vt
1130 663 1376 706 vibrationes

86 730 205 769 quam
227 719 414 759 minimae
435 719 578 760 fierent
593 751 602 767 ,
631 717 738 771 quod
757 728 892 758 tamen
925 732 1006 759 uon
1035 720 1188 761 obstitit
1216 720 1374 774 quomi-

84 784 154 811 nus
183 785 253 825 per
274 772 398 814 lior-ae
420 774 646 823 dimidium,
674 782 739 814 aut
763 783 846 813 tres
871 775 1104 827 quadrantes
1125 807 1136 825 ,
1183 776 1272 817 imo
1301 787 1374 828 per

82 825 285 881 integram
315 827 457 870 horam
487 829 732 870 vibrationes
750 841 960 880 numerare
979 830 1120 884 postit,
1159 842 1372 884 autequam

17 923 22 929 ,
83 892 222 923 motus
257 883 411 936 penduli
432 883 610 924 finiretur
630 898 639 920 :
674 883 732 918 his
750 884 804 918 ita
828 883 1021 932 dispositi:
1041 885 1288 934 experientia
1315 884 1373 923 di-

82 936 179 976 dicit
198 938 441 978 vibrationes
468 932 625 988 penduli
646 932 827 986 simplicis
845 932 1000 987 semper
1021 935 1203 988 superare
1233 950 1372 978 nume-

83 1003 173 1030 rum
195 991 464 1031 vibrationum
482 987 704 1042 Horologii
727 987 959 1048 ol'cillatorii
986 1021 997 1040 ‚
1028 1002 1127 1044 quae
1173 993 1372 1046 quantitas

81 1045 318 1100 quandoque
337 1044 715 1098 minorquandoque
739 1054 871 1082 maior
915 1047 1204 1096 reperiebatur,
1218 1060 1270 1087 ex
1282 1060 1371 1099 par-

83 1110 124 1140 te
140 1111 162 1140 e
174 1100 646 1142 difficultatevibrationes
665 1108 747 1139 tam
759 1098 914 1152 exiguas
935 1101 1169 1141 numerandi
1187 1103 1367 1143 oriunda.

218 1175 280 1216 En
302 1174 373 1216 tibi
395 1174 693 1215 obseruationes
713 1174 762 1215 de
791 1185 959 1226 quarum
1014 1174 1254 1217 certitudine
1298 1175 1369 1230 ipsi

82 1229 268 1270 omnium
291 1229 469 1272 maxime
489 1230 694 1271 constabat
743 1241 806 1268 20.
835 1230 964 1282 aprilis
990 1231 1238 1272 vibrationes
1270 1245 1368 1285 pen-

81 1284 159 1325 duli
187 1283 368 1338 simplicis
389 1291 435 1333 43
483 1285 736 1326 minutorum
787 1285 1015 1337 primorum
1050 1285 1204 1339 spatio,
1247 1287 1370 1328 tribus

82 1349 241 1380 tantum
264 1340 422 1380 minutis
439 1338 632 1388 secundis,
663 1338 774 1391 supra
795 1337 1059 1380 oscillationes
1077 1340 1285 1396 horologii
1303 1355 1368 1383 ac-

81 1393 305 1436 celerabant
328 1427 337 1444 ,
368 1394 406 1435 id
433 1395 540 1449 quod
561 1405 580 1440 8
610 1393 744 1443 horis,
782 1407 826 1442 30
845 1393 997 1435 minuta
1026 1395 1189 1438 secunda
1231 1396 1365 1439 efficit.

82 1449 163 1491 Sed
184 1459 269 1489 tuin
291 1460 377 1490 tem
409 1450 487 1489 oris
512 1448 776 1502 horologium
797 1448 1078 1490 ol'cillatorium
1109 1459 1128 1497 8
1173 1452 1365 1494 horarum

81 1505 208 1558 spatio
233 1503 374 1544 deficie
404 1515 444 1545 at
463 1516 500 1554 ¹5
521 1505 684 1544 minutis
705 1503 876 1544 stecundis
894 1516 914 1543 a
934 1516 1055 1546 motu
1076 1508 1216 1549 medio
1235 1507 1364 1548 Solari

81 1570 122 1600 et
142 1572 212 1607 per
233 1557 473 1612 consequens
493 1559 732 1600 vibrationes
754 1558 909 1612 penduli
935 1558 1112 1613 simplicis
1140 1563 1217 1603 hoc
1243 1563 1369 1602 inter·

81 1615 182 1654 uallo
219 1613 442 1658 §horarum
466 1614 740 1655 accelerabant
760 1626 798 1663 15
833 1614 996 1653 minutis
1039 1615 1214 1657 secundis
1252 1617 1366 1669 supet

79 1669 430 1723 peudulummotui
442 1669 579 1711 medio
604 1669 688 1709 solis
712 1667 1085 1709 accommodatum.

219 1760 271 1795 25.
313 1745 456 1800 Aprilis
475 1757 519 1796 24
542 1746 702 1786 minaris
723 1745 862 1797 primis
883 1744 1098 1799 pendulum
1123 1742 1291 1797 simplex
1303 1756 1368 1786 αα

82 1799 278 1842 celerabat
304 1816 323 1841 2
340 1802 510 1842 secundis
534 1802 712 1843 horariis.
776 1804 822 1840 26
850 1801 977 1853 aprilis
995 1811 1132 1840 autem
1150 1800 1271 1840 tribus
1288 1801 1364 1842 mi.

82 1855 186 1896 nutis
206 1857 376 1898 secundis
404 1870 444 1905 52
463 1857 716 1898 minutorum
745 1857 973 1911 primorum
994 1855 1132 1908 spatio.

220 1933 283 1974 Ex
305 1931 362 1972 his
379 1930 720 1974 obseruationibus
740 1930 899 1972 diuersis
909 1931 1149 1985 proueniunt
1177 1938 1219 1977 28
1237 1933 1366 1974 miuu-

83 1996 125 2028 ta
157 1987 413 2041 sccundapro
425 1985 554 2040 spatio
579 1995 596 2033 8
627 1988 847 2034 horarum,
879 1986 941 2027 sed
964 1995 1050 2026 tum
1075 1989 1272 2038 temporis
1293 1988 1368 2029 ho-

80 2043 284 2096 rologium
304 2041 583 2083 ol'cillatorium
610 2042 820 2084 deficiebat
845 2055 880 2091 ις
905 2041 1065 2082 minutis
1085 2041 1255 2082 secundis
1274 2055 1367 2084 cum

82 2096 229 2138 seniill'c
249 2111 268 2136 a
292 2109 408 2138 motu
429 2097 566 2138 medio
588 2098 674 2138 solis
697 2130 706 2144 ,
748 2097 917 2150 proinde
954 2095 1168 2150 pendulum
1198 2111 1219 2138 a
1247 2097 1368 2140 fratre

82 2152 298 2194 adhibitum
317 2151 563 2193 accelerasset
584 2153 720 2194 saltem
744 2166 782 2191 12
805 2152 977 2193 fecundis
992 2164 1083 2192 curn
1113 2151 1263 2194 semiffe
1280 2153 1362 2208 spa-

13 2205 27 2213 '
83 2208 143 2248 tio
167 2215 185 2254 8
209 2209 395 2248 horarum
416 2219 504 2248 curn
523 2208 586 2250 die
603 2207 798 2261 vigesimo
818 2221 839 2249 a
856 2207 965 2262 prilis
981 2220 1017 2258 ¹5
1038 2206 1197 2250 minuas
1217 2207 1370 2250 secun--

86 2263 139 2304 dis
172 2262 430 2305 accelerass'et.

1273 2316 1367 2363 No-
