1976 2605
265 169 355 217 AD
379 162 525 212 REM
558 159 839 212 SCLOPET.
875 161 1263 212 PERTINENT.
1317 184 1405 226 275

151 294 256 341 dus,
294 299 342 331 vt
371 287 543 339 semper
571 285 685 326 arete
726 285 996 339 pertranseat
1034 284 1198 328 tubum.
1265 287 1322 330 Et
1361 285 1417 328 sle

151 368 217 397 res
245 355 328 395 erit
369 351 553 404 peraeta.

268 412 304 460 §.
348 430 425 467 33.
495 412 662 466 Gyrum
700 413 819 453 enim
854 413 959 454 lima
996 422 1176 454 excauat
1229 413 1271 454 in
1310 413 1418 455 tubo

151 482 354 528 oualem,
399 475 675 532 perspicienti
704 477 832 530 plane
863 476 1299 529 imperceptibilem,
1341 489 1419 530 per

153 558 281 599 quern
318 541 512 596 globulus
550 541 817 594 propellitur
856 540 1099 593 gyrando,
1143 540 1266 592 eique
1314 553 1419 581 eun-

153 611 254 651 dem
284 618 455 648 motum
479 604 673 660 gyralem
702 604 921 656 imprimit
951 615 999 643 ac
1035 603 1200 654 dirigit.

273 667 308 714 §.
351 686 426 723 34.
494 668 678 725 Quando
714 670 857 722 itaque
916 667 1190 707 onerandum
1235 664 1295 705 est
1333 665 1420 707 tale

157 735 398 788 sclopetum
427 744 526 774 tunc
556 731 755 785 globulus
785 731 1001 784 oblongus
1029 742 1072 771 et
1109 729 1423 782 aliquantulum

156 800 298 839 maior
330 799 516 838 cauitate
541 797 663 845 tubi,
706 795 870 837 malleo
902 795 1112 849 plumbeo
1132 794 1423 834 crebrioribus

154 863 300 904 ictibus
328 862 523 916 adigatur
552 871 597 900 vt
627 860 763 900 intret
787 887 798 909 ‚
841 859 1101 913 superfluum
1126 857 1350 911 plumbum
1371 857 1425 899 ad

157 925 372 966 orificium
404 925 590 978 sclopeti
620 924 802 964 haerens
842 923 1140 972 abscindatur,
1176 931 1219 962 et
1261 923 1423 974 reliqua

154 988 433 1030 obseruentur
458 999 566 1039 quae
598 983 634 1027 ἐ.
686 1001 741 1035 13
777 987 868 1024 suut
902 984 1162 1038 proposita,
1202 994 1302 1023 tunc
1322 985 1423 1036 glo-

157 1052 230 1094 bus
257 1050 414 1093 eodem
446 1050 583 1090 modo
612 1061 658 1087 ac
683 1050 726 1087 in
756 1047 962 1099 sclopetis
991 1045 1232 1086 cochleatis
1262 1058 1425 1097 gyran-

156 1114 215 1153 do
244 1112 476 1166 proiicitur
495 1136 507 1160 ,
550 1123 646 1150 cum
673 1120 822 1150 tamen
850 1108 1034 1150 cochlea
1062 1109 1108 1149 in
1139 1109 1423 1163 transpicien-

155 1176 214 1218 do
239 1176 347 1218 tubo
381 1175 500 1216 nullo
537 1174 677 1216 modo
707 1186 934 1229 appareat.

271 1235 309 1281 §.
351 1250 428 1288 35·
497 1239 626 1296 Quod
664 1241 714 1279 ad
754 1252 905 1280 veram
943 1237 1186 1279 mensuram
1233 1235 1423 1291 pulueris

158 1301 272 1356 pyrii
310 1313 392 1354 pro
413 1303 677 1343 oneratione
707 1302 1010 1355 sclopetorum
1045 1302 1207 1343 attinet
1243 1303 1425 1356 sequen-

160 1366 222 1405 tia
247 1363 388 1414 habe;
423 1365 571 1406 Edidit
602 1376 704 1405 ante
732 1365 876 1418 plures
912 1379 1050 1407 annos
1082 1365 1214 1407 Italus
1247 1365 1425 1419 quidam

160 1425 298 1470 Nicol.
342 1425 516 1481 Spadoni
567 1427 723 1467 librum
756 1430 799 1467 in
824 1428 971 1481 lingua
994 1428 1149 1468 Italica
1179 1429 1247 1468 cui
1276 1429 1427 1470 titulus

164 1489 336 1534 Venatio
367 1503 451 1532 cum
488 1486 663 1544 sclopeto
695 1517 707 1541 ,
755 1504 854 1532 nunc
887 1489 1007 1532 valde
1050 1502 1205 1532 rarum.
1273 1491 1324 1533 In
1368 1502 1426 1533 eo

166 1555 217 1596 de
247 1554 472 1596 onerandis
508 1553 714 1608 sclopetis
750 1556 972 1609 sequentia
1018 1556 1268 1609 proponit:
1305 1555 1426 1597 One-

163 1619 276 1660 ratio
305 1618 487 1672 sclopeti
513 1619 693 1672 requirit
722 1632 769 1662 vt
795 1620 820 1681 ξ
850 1620 1058 1673 ponderis
1092 1619 1282 1672 pulueris
1312 1618 1428 1673 pyrii

163 1683 418 1724 assumantur
450 1683 499 1723 ad
538 1685 800 1736 grauitatem
830 1685 951 1737 globi
980 1682 1186 1736 plumbei.

283 1748 350 1787 Ad
380 1747 577 1799 globulos
607 1747 771 1801 plumbi
798 1748 1062 1789 comminuti
1090 1750 1103 1795 (
1126 1749 1327 1797 Εώτοῑ)
1362 1758 1425 1786 as-

165 1810 264 1850 serit
293 1810 577 1862 generaliter,
610 1813 727 1866 quod
750 1813 802 1853 ad
830 1813 1096 1854 ordinariam
1112 1822 1426 1851 onerationem

175 1887 190 1912 1
225 1874 323 1914 Libr
359 1875 539 1926 pulueris
577 1878 688 1931 pyrii
718 1876 910 1918 sufficant
959 1898 990 1933 4
1016 1875 1117 1916 Libr
1163 1874 1339 1926 plumbi.
1382 1873 1427 1915 Si

169 1949 278 1976 vero
309 1937 465 1979 sortior
491 1941 594 1981 ictus
621 1952 890 1992 expetatur,
932 1951 1034 1980 tunc
1061 1940 1112 1980 ad
1143 1955 1166 1985 1
1193 1939 1308 1980 Libr.
1331 1938 1427 1993 pul-

167 2004 278 2041 ueris
307 2002 449 2043 assumi
489 2003 659 2056 possunt
695 2018 717 2055 3
758 2005 873 2046 Libr.
916 2003 1095 2056 plumbi.

285 2063 399 2106 Item
427 2068 475 2107 ad
510 2069 775 2109 ordinariam
806 2070 1122 2108 onerationem
1150 2067 1330 2121 sclopeti
1353 2066 1426 2107 ad-

165 2127 362 2172 hibeatur
392 2129 577 2174 altitudo
605 2134 795 2188 pulueris
827 2148 849 2172 2
880 2133 1198 2175 diametrorum
1219 2130 1425 2187 amplitu-

693 2197 741 2240 M
769 2209 811 2238 m
852 2212 876 2249 3
1364 2193 1427 2232 di-
