<?xml version="1.0" encoding="UTF-8"?>
<!DOCTYPE html PUBLIC "-//W3C//DTD XHTML 1.0 Transitional//EN"
    "http://www.w3.org/TR/xhtml1/DTD/xhtml1-transitional.dtd">
<html xmlns="http://www.w3.org/1999/xhtml" xml:lang="en" lang="en">
 <head>
  <title>
</title>
<meta http-equiv="Content-Type" content="text/html;charset=utf-8" />
  <meta name='ocr-system' content='tesseract 3.04.00' />
  <meta name='ocr-capabilities' content='ocr_page ocr_carea ocr_par ocr_line ocrx_word'/>
</head>
<body>
  <div class='ocr_page' id='page_1' title='image "./commentariiacade04impe_0234.png"; bbox 0 0 1976 2605; ppageno 0'>
   <div class='ocr_carea' id='block_1_1' title="bbox 551 130 1856 198">
    <p class='ocr_par' dir='ltr' id='par_1_1' title="bbox 551 130 1856 198">
     <span class='ocr_line' id='line_1_1' title="bbox 551 130 1856 198; baseline -0.002 -14"><span class='ocrx_word' id='word_1_1' title='bbox 551 157 641 184; x_wconf 78' lang='lat'>222</span> <span class='ocrx_word' id='word_1_2' title='bbox 687 131 993 185; x_wconf 88' lang='lat' dir='ltr'><strong><em>CONFIRM.</em></strong></span> <span class='ocrx_word' id='word_1_3' title='bbox 1023 130 1324 182; x_wconf 78' lang='lat' dir='ltr'><strong><em>DILATAT.</em></strong></span> <span class='ocrx_word' id='word_1_4' title='bbox 1345 132 1560 198; x_wconf 63' lang='lat' dir='ltr'><strong><em>ATQUE</em></strong></span> <span class='ocrx_word' id='word_1_5' title='bbox 1589 132 1815 183; x_wconf 89' lang='lat' dir='ltr'><strong>CONTR.</strong></span> <span class='ocrx_word' id='word_1_6' title='bbox 1852 196 1856 198; x_wconf 62' lang='lat'>,</span> 
     </span>
    </p>
   </div>
   <div class='ocr_carea' id='block_1_2' title="bbox 381 253 1829 2151">
    <p class='ocr_par' dir='ltr' id='par_1_2' title="bbox 548 253 1814 438">
     <span class='ocr_line' id='line_1_2' title="bbox 548 253 1814 315; baseline -0.002 -13"><span class='ocrx_word' id='word_1_7' title='bbox 548 271 750 315; x_wconf 75' lang='lat' dir='ltr'>tanquam</span> <span class='ocrx_word' id='word_1_8' title='bbox 771 261 813 300; x_wconf 91' lang='lat' dir='ltr'>in</span> <span class='ocrx_word' id='word_1_9' title='bbox 832 256 1051 300; x_wconf 81' lang='lat' dir='ltr'>substantia</span> <span class='ocrx_word' id='word_1_10' title='bbox 1072 265 1171 308; x_wconf 83' lang='lat' dir='ltr'>apta</span> <span class='ocrx_word' id='word_1_11' title='bbox 1191 253 1418 296; x_wconf 85' lang='lat' dir='ltr'>inhaerere</span> <span class='ocrx_word' id='word_1_12' title='bbox 1438 265 1481 295; x_wconf 88' lang='lat' dir='ltr'>et</span> <span class='ocrx_word' id='word_1_13' title='bbox 1501 256 1553 296; x_wconf 90' lang='lat' dir='ltr'>fic</span> <span class='ocrx_word' id='word_1_14' title='bbox 1577 256 1814 311; x_wconf 84' lang='lat' dir='ltr'>liquorem,</span> 
     </span>
     <span class='ocr_line' id='line_1_3' title="bbox 550 318 1814 376; baseline -0.003 -11"><span class='ocrx_word' id='word_1_15' title='bbox 550 325 795 365; x_wconf 74' lang='lat' dir='ltr'>dilatationi</span> <span class='ocrx_word' id='word_1_16' title='bbox 832 332 874 359; x_wconf 87' lang='lat' dir='ltr'>et</span> <span class='ocrx_word' id='word_1_17' title='bbox 911 320 1207 360; x_wconf 71' lang='lat' dir='ltr'>conti-astioni</span> <span class='ocrx_word' id='word_1_18' title='bbox 1241 318 1485 360; x_wconf 86' lang='lat' dir='ltr'>subitaneae</span> <span class='ocrx_word' id='word_1_19' title='bbox 1526 324 1658 373; x_wconf 72' lang='lat' dir='ltr'>magis</span> <span class='ocrx_word' id='word_1_20' title='bbox 1689 335 1814 376; x_wconf 85' lang='lat' dir='ltr'>quam</span> 
     </span>
     <span class='ocr_line' id='line_1_4' title="bbox 549 382 1719 438; baseline -0.003 -9"><span class='ocrx_word' id='word_1_21' title='bbox 549 388 726 428; x_wconf 85' lang='lat' dir='ltr'>metalla</span> <span class='ocrx_word' id='word_1_22' title='bbox 753 385 889 438; x_wconf 85' lang='lat' dir='ltr'>rigida</span> <span class='ocrx_word' id='word_1_23' title='bbox 915 394 1065 436; x_wconf 87' lang='lat' dir='ltr'>aptum</span> <span class='ocrx_word' id='word_1_24' title='bbox 1097 383 1268 424; x_wconf 79' lang='lat' dir='ltr'>efficere</span> <span class='ocrx_word' id='word_1_25' title='bbox 1297 393 1341 425; x_wconf 88' lang='lat' dir='ltr'>et</span> <span class='ocrx_word' id='word_1_26' title='bbox 1370 382 1555 423; x_wconf 81' lang='lat' dir='ltr'>alterare</span> <span class='ocrx_word' id='word_1_27' title='bbox 1583 385 1719 437; x_wconf 83' lang='lat' dir='ltr'>poffe.</span> 
     </span>
    </p>

    <p class='ocr_par' dir='ltr' id='par_1_3' title="bbox 549 444 1820 886">
     <span class='ocr_line' id='line_1_5' title="bbox 676 444 1815 501; baseline 0.002 -13"><span class='ocrx_word' id='word_1_28' title='bbox 676 444 711 492; x_wconf 83' lang='lat'>§.</span> <span class='ocrx_word' id='word_1_29' title='bbox 756 462 830 498; x_wconf 82' lang='lat'>29.</span> <span class='ocrx_word' id='word_1_30' title='bbox 898 450 1004 490; x_wconf 83' lang='lat' dir='ltr'>Non</span> <span class='ocrx_word' id='word_1_31' title='bbox 1044 449 1172 501; x_wconf 82' lang='lat' dir='ltr'>potui</span> <span class='ocrx_word' id='word_1_32' title='bbox 1205 450 1308 500; x_wconf 86' lang='lat' dir='ltr'>quin</span> <span class='ocrx_word' id='word_1_33' title='bbox 1347 446 1529 500; x_wconf 86' lang='lat' dir='ltr'>aliquam</span> <span class='ocrx_word' id='word_1_34' title='bbox 1571 449 1815 490; x_wconf 84' lang='lat' dir='ltr'>machinam</span> 
     </span>
     <span class='ocr_line' id='line_1_6' title="bbox 549 512 1817 565; baseline 0.001 -12"><span class='ocrx_word' id='word_1_35' title='bbox 549 514 792 554; x_wconf 83' lang='lat' dir='ltr'>inuenirem</span> <span class='ocrx_word' id='word_1_36' title='bbox 820 524 900 565; x_wconf 83' lang='lat' dir='ltr'>qua</span> <span class='ocrx_word' id='word_1_37' title='bbox 926 512 1145 552; x_wconf 81' lang='lat' dir='ltr'>mediante</span> <span class='ocrx_word' id='word_1_38' title='bbox 1173 513 1530 564; x_wconf 81' lang='lat' dir='ltr'>experimentum</span> <span class='ocrx_word' id='word_1_39' title='bbox 1562 522 1728 552; x_wconf 87' lang='lat' dir='ltr'>certum</span> <span class='ocrx_word' id='word_1_40' title='bbox 1753 515 1817 554; x_wconf 91' lang='lat' dir='ltr'>in-</span> 
     </span>
     <span class='ocr_line' id='line_1_7' title="bbox 550 573 1817 629; baseline -0.002 -11"><span class='ocrx_word' id='word_1_41' title='bbox 550 578 663 618; x_wconf 88' lang='lat' dir='ltr'>stitui</span> <span class='ocrx_word' id='word_1_42' title='bbox 701 574 865 629; x_wconf 69' lang='lat' dir='ltr'>posset,</span> <span class='ocrx_word' id='word_1_43' title='bbox 911 586 1056 616; x_wconf 87' lang='lat' dir='ltr'>vtrum</span> <span class='ocrx_word' id='word_1_44' title='bbox 1086 577 1262 616; x_wconf 82' lang='lat' dir='ltr'>metalla</span> <span class='ocrx_word' id='word_1_45' title='bbox 1290 578 1332 617; x_wconf 86' lang='lat' dir='ltr'>in</span> <span class='ocrx_word' id='word_1_46' title='bbox 1359 588 1462 629; x_wconf 83' lang='lat' dir='ltr'>aqua</span> <span class='ocrx_word' id='word_1_47' title='bbox 1488 573 1684 616; x_wconf 83' lang='lat' dir='ltr'>feruente</span> <span class='ocrx_word' id='word_1_48' title='bbox 1713 577 1817 617; x_wconf 80' lang='lat' dir='ltr'>dila—</span> 
     </span>
     <span class='ocr_line' id='line_1_8' title="bbox 551 638 1818 693; baseline -0.001 -12"><span class='ocrx_word' id='word_1_49' title='bbox 551 651 699 681; x_wconf 83' lang='lat' dir='ltr'>tentur</span> <span class='ocrx_word' id='word_1_50' title='bbox 729 651 809 681; x_wconf 90' lang='lat' dir='ltr'>nec</span> <span class='ocrx_word' id='word_1_51' title='bbox 841 652 919 690; x_wconf 87' lang='lat' dir='ltr'>ne,</span> <span class='ocrx_word' id='word_1_52' title='bbox 962 650 1005 679; x_wconf 92' lang='lat' dir='ltr'>et</span> <span class='ocrx_word' id='word_1_53' title='bbox 1037 641 1307 680; x_wconf 81' lang='lat' dir='ltr'>contrarium</span> <span class='ocrx_word' id='word_1_54' title='bbox 1339 639 1465 681; x_wconf 82' lang='lat' dir='ltr'>fieret</span> <span class='ocrx_word' id='word_1_55' title='bbox 1498 640 1540 679; x_wconf 89' lang='lat' dir='ltr'>in</span> <span class='ocrx_word' id='word_1_56' title='bbox 1569 638 1744 693; x_wconf 84' lang='lat' dir='ltr'>frigida,</span> <span class='ocrx_word' id='word_1_57' title='bbox 1775 649 1818 680; x_wconf 89' lang='lat' dir='ltr'>et</span> 
     </span>
     <span class='ocr_line' id='line_1_9' title="bbox 550 703 1819 759; baseline -0.002 -14"><span class='ocrx_word' id='word_1_58' title='bbox 550 706 724 759; x_wconf 85' lang='lat' dir='ltr'>quidem</span> <span class='ocrx_word' id='word_1_59' title='bbox 760 710 908 745; x_wconf 80' lang='lat' dir='ltr'>vtrum</span> <span class='ocrx_word' id='word_1_60' title='bbox 945 707 1210 744; x_wconf 79' lang='lat' dir='ltr'>mutationes</span> <span class='ocrx_word' id='word_1_61' title='bbox 1238 705 1337 744; x_wconf 83' lang='lat' dir='ltr'>istae</span> <span class='ocrx_word' id='word_1_62' title='bbox 1366 705 1409 744; x_wconf 88' lang='lat' dir='ltr'>in</span> <span class='ocrx_word' id='word_1_63' title='bbox 1444 714 1681 744; x_wconf 88' lang='lat' dir='ltr'>momento</span> <span class='ocrx_word' id='word_1_64' title='bbox 1709 703 1819 743; x_wconf 83' lang='lat' dir='ltr'>acci-</span> 
     </span>
     <span class='ocr_line' id='line_1_10' title="bbox 554 767 1820 822; baseline -0.002 -14"><span class='ocrx_word' id='word_1_65' title='bbox 554 770 656 809; x_wconf 85' lang='lat' dir='ltr'>dant</span> <span class='ocrx_word' id='word_1_66' title='bbox 695 781 747 807; x_wconf 82' lang='lat' dir='ltr'>an</span> <span class='ocrx_word' id='word_1_67' title='bbox 789 780 915 814; x_wconf 64' lang='lat' dir='ltr'>vero,</span> <span class='ocrx_word' id='word_1_68' title='bbox 943 767 1161 809; x_wconf 83' lang='lat' dir='ltr'>succeffiue</span> <span class='ocrx_word' id='word_1_69' title='bbox 1199 778 1241 808; x_wconf 85' lang='lat' dir='ltr'>et</span> <span class='ocrx_word' id='word_1_70' title='bbox 1282 768 1376 822; x_wconf 83' lang='lat' dir='ltr'>post</span> <span class='ocrx_word' id='word_1_71' title='bbox 1412 769 1596 822; x_wconf 79' lang='lat' dir='ltr'>aliquam</span> <span class='ocrx_word' id='word_1_72' title='bbox 1633 779 1820 807; x_wconf 74' lang='lat' dir='ltr'>moram⁰</span> 
     </span>
     <span class='ocr_line' id='line_1_11' title="bbox 551 832 1406 886; baseline -0.002 -13"><span class='ocrx_word' id='word_1_73' title='bbox 551 834 892 874; x_wconf 88' lang='lat' dir='ltr'>Instrumentum</span> <span class='ocrx_word' id='word_1_74' title='bbox 915 832 1056 886; x_wconf 84' lang='lat' dir='ltr'>itaque</span> <span class='ocrx_word' id='word_1_75' title='bbox 1078 833 1163 873; x_wconf 90' lang='lat' dir='ltr'>tale</span> <span class='ocrx_word' id='word_1_76' title='bbox 1184 833 1406 873; x_wconf 79' lang='lat' dir='ltr'>adornaui.</span> 
     </span>
    </p>

    <p class='ocr_par' dir='ltr' id='par_1_4' title="bbox 381 892 1819 1137">
     <span class='ocr_line' id='line_1_12' title="bbox 381 892 1819 947; baseline 0.001 -13"><span class='ocrx_word' id='word_1_77' title='bbox 381 896 450 934; x_wconf 65' lang='lat' dir='ltr'>fig·</span> <span class='ocrx_word' id='word_1_78' title='bbox 474 903 505 926; x_wconf 89' lang='lat'>2·</span> <span class='ocrx_word' id='word_1_79' title='bbox 681 892 714 938; x_wconf 34' lang='grc' dir='ltr'>ἐν</span> <span class='ocrx_word' id='word_1_80' title='bbox 760 909 836 945; x_wconf 81' lang='grc' dir='ltr'>3ο.</span> <span class='ocrx_word' id='word_1_81' title='bbox 906 896 998 935; x_wconf 88' lang='lat' dir='ltr'>Fiat</span> <span class='ocrx_word' id='word_1_82' title='bbox 1027 897 1140 936; x_wconf 81' lang='lat' dir='ltr'>trabs</span> <span class='ocrx_word' id='word_1_83' title='bbox 1168 896 1330 936; x_wconf 84' lang='lat' dir='ltr'>ferrrea</span> <span class='ocrx_word' id='word_1_84' title='bbox 1355 898 1419 945; x_wconf 88' lang='lat' dir='ltr'>A,</span> <span class='ocrx_word' id='word_1_85' title='bbox 1460 897 1503 936; x_wconf 91' lang='lat' dir='ltr'>in</span> <span class='ocrx_word' id='word_1_86' title='bbox 1531 904 1718 947; x_wconf 83' lang='lat' dir='ltr'>vtroque</span> <span class='ocrx_word' id='word_1_87' title='bbox 1744 905 1819 935; x_wconf 82' lang='lat' dir='ltr'>ex-</span> 
     </span>
     <span class='ocr_line' id='line_1_13' title="bbox 551 958 1818 1010; baseline -0.001 -11"><span class='ocrx_word' id='word_1_88' title='bbox 551 969 699 999; x_wconf 85' lang='lat' dir='ltr'>tremo</span> <span class='ocrx_word' id='word_1_89' title='bbox 730 960 781 998; x_wconf 81' lang='lat' dir='ltr'>ad</span> <span class='ocrx_word' id='word_1_90' title='bbox 812 958 991 1010; x_wconf 80' lang='lat' dir='ltr'>angulos</span> <span class='ocrx_word' id='word_1_91' title='bbox 1020 961 1162 999; x_wconf 66' lang='lat' dir='ltr'>rectos</span> <span class='ocrx_word' id='word_1_92' title='bbox 1186 962 1432 1008; x_wconf 84' lang='lat' dir='ltr'>incuruata,</span> <span class='ocrx_word' id='word_1_93' title='bbox 1466 969 1507 998; x_wconf 90' lang='lat' dir='ltr'>et</span> <span class='ocrx_word' id='word_1_94' title='bbox 1533 958 1713 998; x_wconf 74' lang='lat' dir='ltr'>brachiis</span> <span class='ocrx_word' id='word_1_95' title='bbox 1730 958 1818 1006; x_wconf 80' lang='lat' dir='ltr'>BE,</span> 
     </span>
     <span class='ocr_line' id='line_1_14' title="bbox 551 1020 1819 1074; baseline 0.001 -15"><span class='ocrx_word' id='word_1_96' title='bbox 551 1022 664 1074; x_wconf 79' lang='lat' dir='ltr'>quasi</span> <span class='ocrx_word' id='word_1_97' title='bbox 699 1023 925 1071; x_wconf 65' lang='lat' dir='ltr'>instructa,</span> <span class='ocrx_word' id='word_1_98' title='bbox 972 1023 1091 1061; x_wconf 80' lang='lat' dir='ltr'>trabe</span> <span class='ocrx_word' id='word_1_99' title='bbox 1130 1037 1149 1061; x_wconf 93' lang='lat'>1</span> <span class='ocrx_word' id='word_1_100' title='bbox 1193 1022 1353 1074; x_wconf 81' lang='lat' dir='ltr'>pedem</span> <span class='ocrx_word' id='word_1_101' title='bbox 1391 1031 1434 1063; x_wconf 87' lang='lat' dir='ltr'>et</span> <span class='ocrx_word' id='word_1_102' title='bbox 1467 1020 1651 1063; x_wconf 73' lang='lat' dir='ltr'>brachiis,</span> <span class='ocrx_word' id='word_1_103' title='bbox 1676 1036 1700 1073; x_wconf 81' lang='grc'>3</span> <span class='ocrx_word' id='word_1_104' title='bbox 1736 1021 1819 1073; x_wconf 60' lang='grc' dir='ltr'>ὥς.</span> 
     </span>
     <span class='ocr_line' id='line_1_15' title="bbox 553 1083 710 1137; baseline -0.019 -13"><span class='ocrx_word' id='word_1_105' title='bbox 553 1083 710 1137; x_wconf 78' lang='lat' dir='ltr'>longiS.</span> 
     </span>
    </p>

    <p class='ocr_par' dir='ltr' id='par_1_5' title="bbox 554 1141 1824 1378">
     <span class='ocr_line' id='line_1_16' title="bbox 683 1141 1823 1199; baseline -0.004 -12"><span class='ocrx_word' id='word_1_106' title='bbox 683 1145 756 1187; x_wconf 90' lang='lat' dir='ltr'>Ad</span> <span class='ocrx_word' id='word_1_107' title='bbox 790 1144 1010 1185; x_wconf 85' lang='lat' dir='ltr'>brachium</span> <span class='ocrx_word' id='word_1_108' title='bbox 1046 1154 1276 1199; x_wconf 69' lang='lat' dir='ltr'>Vtrumque</span> <span class='ocrx_word' id='word_1_109' title='bbox 1319 1144 1592 1185; x_wconf 84' lang='lat' dir='ltr'>instrumenti</span> <span class='ocrx_word' id='word_1_110' title='bbox 1630 1141 1823 1183; x_wconf 80' lang='lat' dir='ltr'>adfertu-</span> 
     </span>
     <span class='ocr_line' id='line_1_17' title="bbox 555 1206 1824 1249; baseline -0.005 -1"><span class='ocrx_word' id='word_1_111' title='bbox 555 1210 747 1249; x_wconf 75' lang='lat' dir='ltr'>minatae</span> <span class='ocrx_word' id='word_1_112' title='bbox 777 1208 855 1248; x_wconf 80' lang='lat' dir='ltr'>sint</span> <span class='ocrx_word' id='word_1_113' title='bbox 887 1210 1039 1247; x_wconf 88' lang='lat' dir='ltr'>decem</span> <span class='ocrx_word' id='word_1_114' title='bbox 1061 1209 1287 1248; x_wconf 79' lang='lat' dir='ltr'>trochleae</span> <span class='ocrx_word' id='word_1_115' title='bbox 1310 1207 1554 1247; x_wconf 78' lang='lat' dir='ltr'>metallicae</span> <span class='ocrx_word' id='word_1_116' title='bbox 1578 1206 1653 1246; x_wconf 88' lang='lat' dir='ltr'>CC</span> <span class='ocrx_word' id='word_1_117' title='bbox 1678 1207 1824 1244; x_wconf 91' lang='lat' dir='ltr'>mino·-</span> 
     </span>
     <span class='ocr_line' id='line_1_18' title="bbox 554 1267 1824 1328; baseline -0.004 -15"><span class='ocrx_word' id='word_1_118' title='bbox 554 1275 612 1313; x_wconf 80' lang='lat' dir='ltr'>ris</span> <span class='ocrx_word' id='word_1_119' title='bbox 641 1273 844 1313; x_wconf 79' lang='lat' dir='ltr'>diametri</span> <span class='ocrx_word' id='word_1_120' title='bbox 866 1282 900 1309; x_wconf 88' lang='lat' dir='ltr'>e.</span> <span class='ocrx_word' id='word_1_121' title='bbox 924 1285 961 1325; x_wconf 85' lang='lat' dir='ltr'>g.</span> <span class='ocrx_word' id='word_1_122' title='bbox 984 1273 1009 1328; x_wconf 53' lang='grc' dir='ltr'>ὲ</span> <span class='ocrx_word' id='word_1_123' title='bbox 1031 1273 1114 1324; x_wconf 85' lang='lat' dir='ltr'>dig.</span> <span class='ocrx_word' id='word_1_124' title='bbox 1136 1272 1249 1311; x_wconf 83' lang='lat' dir='ltr'>circa</span> <span class='ocrx_word' id='word_1_125' title='bbox 1267 1279 1553 1310; x_wconf 89' lang='lat' dir='ltr'>communem</span> <span class='ocrx_word' id='word_1_126' title='bbox 1576 1279 1703 1308; x_wconf 84' lang='lat' dir='ltr'>axem</span> <span class='ocrx_word' id='word_1_127' title='bbox 1725 1267 1824 1308; x_wconf 87' lang='lat' dir='ltr'>cha·</span> 
     </span>
     <span class='ocr_line' id='line_1_19' title="bbox 555 1335 1008 1378; baseline -0.004 -2"><span class='ocrx_word' id='word_1_128' title='bbox 555 1337 714 1378; x_wconf 87' lang='lat' dir='ltr'>libeum</span> <span class='ocrx_word' id='word_1_129' title='bbox 744 1336 777 1376; x_wconf 93' lang='lat' dir='ltr'><strong>L</strong></span> <span class='ocrx_word' id='word_1_130' title='bbox 808 1335 1008 1376; x_wconf 81' lang='lat' dir='ltr'>mobiles.</span> 
     </span>
    </p>

    <p class='ocr_par' dir='ltr' id='par_1_6' title="bbox 557 1393 1829 1885">
     <span class='ocr_line' id='line_1_20' title="bbox 689 1393 1826 1450; baseline -0.006 -10"><span class='ocrx_word' id='word_1_131' title='bbox 689 1399 828 1450; x_wconf 79' lang='lat' dir='ltr'>Super</span> <span class='ocrx_word' id='word_1_132' title='bbox 856 1397 929 1437; x_wconf 79' lang='lat' dir='ltr'>has</span> <span class='ocrx_word' id='word_1_133' title='bbox 957 1395 1184 1437; x_wconf 82' lang='lat' dir='ltr'>trochleas</span> <span class='ocrx_word' id='word_1_134' title='bbox 1209 1396 1415 1435; x_wconf 85' lang='lat' dir='ltr'>tendatur</span> <span class='ocrx_word' id='word_1_135' title='bbox 1436 1393 1603 1434; x_wconf 80' lang='lat' dir='ltr'>chorda</span> <span class='ocrx_word' id='word_1_136' title='bbox 1617 1395 1685 1435; x_wconf 87' lang='lat' dir='ltr'>seu</span> <span class='ocrx_word' id='word_1_137' title='bbox 1706 1393 1826 1434; x_wconf 90' lang='lat' dir='ltr'>filum</span> 
     </span>
     <span class='ocr_line' id='line_1_21' title="bbox 557 1457 1827 1509; baseline -0.005 -6"><span class='ocrx_word' id='word_1_138' title='bbox 557 1461 825 1503; x_wconf 82' lang='lat' dir='ltr'>metallicum</span> <span class='ocrx_word' id='word_1_139' title='bbox 853 1470 1007 1509; x_wconf 87' lang='lat' dir='ltr'>tenue,</span> <span class='ocrx_word' id='word_1_140' title='bbox 1049 1457 1387 1509; x_wconf 72' lang='lat' dir='ltr'>candefaciendo</span> <span class='ocrx_word' id='word_1_141' title='bbox 1429 1459 1544 1509; x_wconf 83' lang='lat' dir='ltr'>prius</span> <span class='ocrx_word' id='word_1_142' title='bbox 1577 1459 1827 1502; x_wconf 85' lang='lat' dir='ltr'>emollitum</span> 
     </span>
     <span class='ocr_line' id='line_1_22' title="bbox 561 1520 1826 1577; baseline -0.004 -12"><span class='ocrx_word' id='word_1_143' title='bbox 561 1536 602 1566; x_wconf 88' lang='lat' dir='ltr'>et</span> <span class='ocrx_word' id='word_1_144' title='bbox 626 1524 919 1577; x_wconf 82' lang='lat' dir='ltr'>obsequiosum</span> <span class='ocrx_word' id='word_1_145' title='bbox 941 1523 1158 1563; x_wconf 86' lang='lat' dir='ltr'>redditum</span> <span class='ocrx_word' id='word_1_146' title='bbox 1186 1533 1277 1561; x_wconf 73' lang='lat' dir='ltr'>aaa.</span> <span class='ocrx_word' id='word_1_147' title='bbox 1346 1522 1449 1561; x_wconf 90' lang='lat' dir='ltr'>Vno</span> <span class='ocrx_word' id='word_1_148' title='bbox 1478 1531 1685 1561; x_wconf 87' lang='lat' dir='ltr'>extremo</span> <span class='ocrx_word' id='word_1_149' title='bbox 1710 1520 1826 1560; x_wconf 82' lang='lat' dir='ltr'>dfir-</span> 
     </span>
     <span class='ocr_line' id='line_1_23' title="bbox 563 1585 1826 1638; baseline -0.005 -9"><span class='ocrx_word' id='word_1_150' title='bbox 563 1600 706 1630; x_wconf 77' lang='lat' dir='ltr'>metui·</span> <span class='ocrx_word' id='word_1_151' title='bbox 743 1589 795 1628; x_wconf 88' lang='lat' dir='ltr'>ad</span> <span class='ocrx_word' id='word_1_152' title='bbox 821 1586 1046 1627; x_wconf 83' lang='lat' dir='ltr'>cochleam</span> <span class='ocrx_word' id='word_1_153' title='bbox 1078 1585 1260 1638; x_wconf 77' lang='lat' dir='ltr'>aliquam</span> <span class='ocrx_word' id='word_1_154' title='bbox 1288 1597 1454 1625; x_wconf 86' lang='lat' dir='ltr'>marem</span> <span class='ocrx_word' id='word_1_155' title='bbox 1482 1585 1525 1625; x_wconf 93' lang='lat' dir='ltr'>D</span> <span class='ocrx_word' id='word_1_156' title='bbox 1555 1587 1669 1624; x_wconf 84' lang='lat' dir='ltr'>cuius</span> <span class='ocrx_word' id='word_1_157' title='bbox 1695 1596 1826 1624; x_wconf 84' lang='lat' dir='ltr'>vnum</span> 
     </span>
     <span class='ocr_line' id='line_1_24' title="bbox 562 1648 1824 1703; baseline -0.004 -12"><span class='ocrx_word' id='word_1_158' title='bbox 562 1664 812 1693; x_wconf 82' lang='lat' dir='ltr'>extremum</span> <span class='ocrx_word' id='word_1_159' title='bbox 838 1651 1177 1703; x_wconf 71' lang='lat' dir='ltr'>quadrangulare</span> <span class='ocrx_word' id='word_1_160' title='bbox 1203 1648 1250 1689; x_wconf 79' lang='lat' dir='ltr'>sit</span> <span class='ocrx_word' id='word_1_161' title='bbox 1283 1658 1323 1687; x_wconf 90' lang='lat' dir='ltr'>et</span> <span class='ocrx_word' id='word_1_162' title='bbox 1352 1648 1529 1689; x_wconf 86' lang='lat' dir='ltr'>hamulo</span> <span class='ocrx_word' id='word_1_163' title='bbox 1560 1649 1824 1700; x_wconf 85' lang='lat' dir='ltr'>praeditum,</span> 
     </span>
     <span class='ocr_line' id='line_1_25' title="bbox 561 1711 1829 1769; baseline -0.005 -13"><span class='ocrx_word' id='word_1_164' title='bbox 561 1717 747 1769; x_wconf 89' lang='lat' dir='ltr'>illudque</span> <span class='ocrx_word' id='word_1_165' title='bbox 775 1715 817 1753; x_wconf 96' lang='lat' dir='ltr'>in</span> <span class='ocrx_word' id='word_1_166' title='bbox 846 1715 1060 1755; x_wconf 82' lang='lat' dir='ltr'>foramine</span> <span class='ocrx_word' id='word_1_167' title='bbox 1081 1712 1409 1766; x_wconf 71' lang='lat' dir='ltr'>quadrangulari</span> <span class='ocrx_word' id='word_1_168' title='bbox 1428 1711 1589 1751; x_wconf 78' lang='lat' dir='ltr'>brachii</span> <span class='ocrx_word' id='word_1_169' title='bbox 1607 1711 1829 1752; x_wconf 84' lang='lat' dir='ltr'>alterutri-</span> 
     </span>
     <span class='ocr_line' id='line_1_26' title="bbox 560 1774 1826 1832; baseline -0.005 -12"><span class='ocrx_word' id='word_1_170' title='bbox 560 1793 604 1820; x_wconf 69' lang='lat' dir='ltr'>us</span> <span class='ocrx_word' id='word_1_171' title='bbox 623 1781 656 1822; x_wconf 87' lang='lat' dir='ltr'>B</span> <span class='ocrx_word' id='word_1_172' title='bbox 682 1778 863 1829; x_wconf 85' lang='lat' dir='ltr'>mobile,</span> <span class='ocrx_word' id='word_1_173' title='bbox 887 1791 974 1832; x_wconf 91' lang='lat' dir='ltr'>ope</span> <span class='ocrx_word' id='word_1_174' title='bbox 995 1777 1204 1819; x_wconf 88' lang='lat' dir='ltr'>cochleae</span> <span class='ocrx_word' id='word_1_175' title='bbox 1224 1775 1460 1826; x_wconf 78' lang='lat' dir='ltr'>foeminae,</span> <span class='ocrx_word' id='word_1_176' title='bbox 1482 1776 1666 1829; x_wconf 80' lang='lat' dir='ltr'>superius</span> <span class='ocrx_word' id='word_1_177' title='bbox 1686 1774 1826 1828; x_wconf 81' lang='lat' dir='ltr'>appli-</span> 
     </span>
     <span class='ocr_line' id='line_1_27' title="bbox 563 1844 820 1885; baseline 0 -1"><span class='ocrx_word' id='word_1_178' title='bbox 563 1855 684 1885; x_wconf 84' lang='lat' dir='ltr'>catae</span> <span class='ocrx_word' id='word_1_179' title='bbox 704 1845 753 1883; x_wconf 83' lang='lat' dir='ltr'>ad</span> <span class='ocrx_word' id='word_1_180' title='bbox 773 1844 820 1884; x_wconf 82' lang='lat' dir='ltr'>E-</span> 
     </span>
    </p>

    <p class='ocr_par' dir='ltr' id='par_1_7' title="bbox 566 1902 1829 2151">
     <span class='ocr_line' id='line_1_28' title="bbox 690 1902 1825 1947; baseline -0.004 -1"><span class='ocrx_word' id='word_1_181' title='bbox 690 1906 885 1947; x_wconf 88' lang='lat' dir='ltr'>Tandem</span> <span class='ocrx_word' id='word_1_182' title='bbox 915 1904 1285 1946; x_wconf 82' lang='lat' dir='ltr'>circumuoluatur</span> <span class='ocrx_word' id='word_1_183' title='bbox 1312 1902 1431 1943; x_wconf 86' lang='lat' dir='ltr'>filum</span> <span class='ocrx_word' id='word_1_184' title='bbox 1462 1902 1565 1944; x_wconf 86' lang='lat' dir='ltr'>illud</span> <span class='ocrx_word' id='word_1_185' title='bbox 1588 1902 1825 1943; x_wconf 83' lang='lat' dir='ltr'>orichalce-</span> 
     </span>
     <span class='ocr_line' id='line_1_29' title="bbox 566 1966 1829 2021; baseline -0.004 -11"><span class='ocrx_word' id='word_1_186' title='bbox 566 1984 636 2010; x_wconf 90' lang='lat' dir='ltr'>um</span> <span class='ocrx_word' id='word_1_187' title='bbox 667 1971 734 2010; x_wconf 84' lang='lat' dir='ltr'>seu</span> <span class='ocrx_word' id='word_1_188' title='bbox 767 1969 1033 2010; x_wconf 87' lang='lat' dir='ltr'>metallicum</span> <span class='ocrx_word' id='word_1_189' title='bbox 1062 1968 1287 2009; x_wconf 75' lang='lat' dir='ltr'>trochleae</span> <span class='ocrx_word' id='word_1_190' title='bbox 1315 1969 1345 2009; x_wconf 91' lang='lat' dir='ltr'>F</span> <span class='ocrx_word' id='word_1_191' title='bbox 1369 1967 1674 2021; x_wconf 81' lang='lat' dir='ltr'>aliquantulum</span> <span class='ocrx_word' id='word_1_192' title='bbox 1704 1966 1829 2015; x_wconf 85' lang='lat' dir='ltr'>latae,</span> 
     </span>
     <span class='ocr_line' id='line_1_30' title="bbox 567 2031 1828 2087; baseline -0.003 -15"><span class='ocrx_word' id='word_1_193' title='bbox 567 2047 671 2087; x_wconf 83' lang='lat' dir='ltr'>qnae</span> <span class='ocrx_word' id='word_1_194' title='bbox 701 2047 826 2074; x_wconf 86' lang='lat' dir='ltr'>axem</span> <span class='ocrx_word' id='word_1_195' title='bbox 857 2033 922 2085; x_wconf 87' lang='lat' dir='ltr'>G,</span> <span class='ocrx_word' id='word_1_196' title='bbox 957 2046 1034 2087; x_wconf 85' lang='lat' dir='ltr'>per</span> <span class='ocrx_word' id='word_1_197' title='bbox 1062 2034 1245 2074; x_wconf 80' lang='lat' dir='ltr'>ferream</span> <span class='ocrx_word' id='word_1_198' title='bbox 1277 2031 1443 2072; x_wconf 82' lang='lat' dir='ltr'>trabem</span> <span class='ocrx_word' id='word_1_199' title='bbox 1462 2031 1756 2073; x_wconf 81' lang='lat' dir='ltr'>transeuntem</span> <span class='ocrx_word' id='word_1_200' title='bbox 1784 2038 1828 2069; x_wconf 91' lang='lat' dir='ltr'>et</span> 
     </span>
     <span class='ocr_line' id='line_1_31' title="bbox 567 2095 1300 2151; baseline -0.004 -11"><span class='ocrx_word' id='word_1_201' title='bbox 567 2098 736 2151; x_wconf 83' lang='lat' dir='ltr'>longius</span> <span class='ocrx_word' id='word_1_202' title='bbox 755 2099 1110 2151; x_wconf 87' lang='lat' dir='ltr'>prominentem,</span> <span class='ocrx_word' id='word_1_203' title='bbox 1133 2095 1300 2137; x_wconf 84' lang='lat' dir='ltr'>habeat.</span> 
     </span>
    </p>
   </div>
   <div class='ocr_carea' id='block_1_3' title="bbox 1750 2155 1827 2197">
    <p class='ocr_par' dir='ltr' id='par_1_8' title="bbox 1750 2155 1827 2197">
     <span class='ocr_line' id='line_1_32' title="bbox 1750 2155 1827 2197; baseline -0.013 0"><span class='ocrx_word' id='word_1_204' title='bbox 1750 2155 1827 2197; x_wconf 89' lang='lat' dir='ltr'>Vl-</span> 
     </span>
    </p>
   </div>
  </div>
 </body>
</html>
