1976 2605
590 215 615 258 3
627 217 647 245 1
659 201 685 245 Β
873 193 1322 248 CONTIN'VATIO
1354 188 1629 244 RELATIO

585 321 707 366 Febr.
750 333 823 360 22.
868 335 921 372 13
968 331 1024 371 25
1070 332 1134 376 34
1263 313 1417 359 Adhuc
1466 314 1629 356 Primus
1679 309 1875 357 Satellesv

1151 380 1378 433 proximus
1398 377 1668 419 immerfioni
1691 378 1861 430 conspi-

1146 445 1338 484 ciebatur
1359 469 1371 493 ‚
1411 454 1506 482 cum
1536 441 1685 482 nebula
1706 441 1863 482 Iouem

1151 508 1285 550 oculis
1337 506 1564 559 eripiebat.

870 586 925 624 137
967 575 1028 613 26
1068 585 1131 630 34
1259 570 1428 623 Iupiter
1473 569 1631 609 iterum
1679 578 1863 619 appare-

1148 636 1217 675 bat
1248 634 1420 688 quidem
1443 659 1455 682 ,
1495 631 1567 672 sed
1596 630 1777 673 Satelles
1798 640 1864 670 tu·

1147 698 1202 739 bo
1230 696 1555 748 catadioptrico
1579 692 1761 748 amplius
1774 703 1865 733 non

1147 759 1490 814 conspiciebatur
1531 786 1542 809 ‚
1584 768 1627 797 et
1691 766 1866 809 tempus

1148 836 1294 865 verum
1328 822 1490 863 duobus
1515 820 1736 863 constabat
1781 819 1865 861 ho·

1147 887 1342 939 rologiis.

585 948 730 991 Mart.
774 949 814 988 8.
902 948 926 986 8
970 958 1029 985 22
1072 957 1129 985 20
1257 945 1491 986 Immerfio
1565 947 1688 987 tertii
1758 943 1866 986 tubo

1144 1007 1481 1056 Newtoniano‚
1524 1019 1678 1048 ventus
1722 1008 1865 1047 obser-

1146 1072 1374 1110 uationem
1407 1070 1622 1123 tantisper
1648 1070 1865 1123 impedie-

1144 1132 1230 1172 bat.
1298 1132 1492 1182 Tempus
1520 1145 1670 1172 verum
1700 1131 1865 1172 duobus

1146 1192 1392 1246 horologiis
1421 1192 1663 1233 definitum.

899 1263 921 1300 8
961 1261 1028 1317 4⁶
1069 1270 1125 1308 23
1255 1255 1455 1299 Emerfio
1488 1255 1619 1308 primi
1644 1255 1752 1295 tubo
1779 1254 1863 1298 Ca·-

1146 1319 1412 1374 tadioptrico
1440 1318 1565 1361 dubia
1596 1318 1709 1358 intra
1730 1331 1865 1371 pauca

1146 1384 1323 1425 secunda
1362 1394 1551 1436 propter
1587 1382 1864 1424 vicinitatem

1145 1446 1352 1487 Satellitis
1381 1461 1403 1486 a
1430 1446 1552 1486 Ioue.

581 1513 725 1568 April.
771 1527 843 1565 13.
895 1524 922 1563 7
966 1525 1025 1554 20
1069 1523 1129 1562 30
1262 1507 1421 1550 Statim
1453 1509 1547 1561 post
1585 1507 1698 1551 Solis
1735 1519 1861 1549 occa-

1147 1570 1231 1610 sum
1260 1584 1355 1611 cum
1407 1571 1576 1624 Iupiter
1623 1571 1663 1611 se
1728 1571 1862 1613 oculis

1145 1634 1493 1687 conspiciendum
1527 1635 1859 1688 praeberetter-

1145 1698 1223 1738 tius
1253 1696 1433 1740 Satelles
1462 1711 1540 1751 per
1574 1698 1720 1738 tubum
1743 1710 1860 1739 new-

1145 1761 1372 1802 tonianum
1404 1774 1493 1802 non
1512 1760 1859 1803 solumvmbram

1148 1824 1269 1877 plane
1297 1824 1539 1878 reliquerat.
1612 1823 1695 1866 Sed
1724 1825 1858 1864 etiam

1147 1887 1512 1941 plenosplendore
1538 1888 1740 1941 fulgebat.

788 1967 917 1995 2011
997 1958 1027 1995 6
1068 1965 1125 2005 52
1257 1952 1855 1994 EmerfiotertiituboCata-

839 2063 843 2069 ,
1146 2014 1368 2069 dioptrico
1397 2015 1526 2058 coelo
1553 2016 1720 2056 sereno.

788 2093 845 2131 27
868 2094 917 2134 ις
965 2095 1025 2134 13
1257 2078 1428 2120 Tertius
1487 2078 1669 2122 Satelles
1738 2077 1855 2116 forte

1144 2140 1331 2197 plurium
1383 2143 1657 2185 minutorum
1710 2140 1853 2195 spatio

1797 2213 1855 2243 ex
