1976 2605
555 149 652 190 194
808 127 1282 180 EXPEMMENTA
1320 126 1546 177 coRAM

846 244 1540 307 EXPERIMENTA

552 334 769 381 CORAM
818 332 1152 375 SOCIETATE
1197 332 1516 374 INSTITUTA
1559 333 1625 376 IN
1671 333 1818 378 CON-

551 396 986 442 FIRMATIONEM
1062 396 1367 438 THEoRIAE
1441 396 1817 440 PRESSIONUM

650 459 804 518 QUAS
848 460 1089 502 LATERA
1131 458 1392 501 CANALIS
1431 459 1508 500 AB
1556 462 1720 518 AQUA

753 522 1226 567 TRANSFLUENTE
1267 522 1609 565 SUSTINENT.

692 682 931 745 Daniele
1000 613 1279 744 Berngtllz·
1356 684 1502 765 Joh.
1564 682 1679 745 Fil.

330 809 410 843 7²¹³·
429 811 534 844 XVH‘
550 800 955 1025 Quaenam
975 821 1025 863 sit
1043 821 1200 875 pressio
1221 834 1424 876 aquarum
1444 821 1487 861 in
1512 823 1607 864 vase
1627 823 1822 876 stagnan-

809 888 916 925 tium
972 899 995 926 ει
1049 885 1345 926 remotissimis
1407 886 1681 939 temporibus
1743 886 1822 926 fuit

811 948 1009 987 omnibus
1032 959 1202 989 notum.
1250 949 1400 990 Nemo
1422 957 1590 998 autem,
1616 960 1823 1002 quantum

807 1011 920 1059 scio,
945 1010 1207 1061 preffionem
1231 1023 1432 1063 aquarum
1454 1024 1533 1063 per
1555 1013 1724 1053 canales
1744 1012 1824 1052 flu-

554 1073 720 1112 entium
745 1071 881 1112 adhuc
901 1073 1018 1112 recte
1041 1072 1260 1112 definiuit:
1298 1072 1469 1111 fuerunt
1490 1075 1713 1122 nonnulli,
1753 1074 1824 1125 qui

550 1135 673 1176 huius
702 1135 952 1187 argumenti
980 1133 1117 1175 veluti
1145 1137 1186 1175 in
1218 1133 1396 1175 transitu
1423 1136 1698 1175 mentionem
1721 1134 1823 1174 faci-

553 1209 677 1238 entes
712 1208 918 1250 putarunt
937 1224 950 1246 ‚
998 1197 1136 1237 latera
1170 1196 1380 1236 canalium
1409 1198 1459 1235 ab
1489 1199 1602 1248 aquis
1630 1197 1715 1235 siue
1743 1197 1823 1235 sta-

551 1262 779 1314 gnantibus
802 1259 885 1300 siue
907 1259 1256 1299 transfluentibus
1280 1258 1457 1311 perinde
1479 1260 1639 1310 premi,
1676 1257 1706 1297 fi
1725 1270 1824 1297 mo-

553 1325 612 1366 do
650 1327 803 1365 eadem
840 1324 1074 1377 vtrobique
1110 1323 1239 1364 fuerit
1269 1334 1470 1375 aquarum
1501 1320 1717 1361 altitudo:
1754 1320 1826 1362 sed

553 1387 640 1427 falfi
662 1389 769 1427 sunt.
835 1388 1025 1427 Interim
1048 1395 1351 1438 argumentum
1374 1384 1479 1423 mihi
1500 1384 1634 1425 visum
1657 1384 1734 1425 luit
1759 1384 1826 1425 di-

553 1449 795 1503 gnissimum
819 1475 832 1497 ‚
887 1448 1006 1500 quod
1042 1447 1164 1486 omni
1206 1447 1455 1486 attentione
1485 1449 1823 1488 examinaretur.

552 1512 662 1555 Inde
688 1513 803 1552 enim
829 1511 991 1563 pendet
1014 1522 1114 1550 vera
1137 1509 1379 1549 aestimatio
1399 1511 1653 1562 quantitatis
1680 1523 1825 1564 aquae,

555 1588 662 1629 quae
686 1589 762 1628 per
784 1574 953 1613 tubulos
981 1575 1080 1614 riuis
1109 1573 1348 1613 lateraliter
1378 1573 1685 1625 implantatos‚
1723 1587 1824 1613 ero-

555 1650 707 1692 gatur,
744 1651 823 1691 qua
851 1638 902 1677 de
937 1650 983 1676 re
1012 1634 1227 1678 Fwntmzcs
1259 1638 1348 1690 egit
1378 1646 1421 1676 et
1452 1638 1548 1688 post
1576 1649 1673 1677 eum
1697 1637 1825 1678 multi

557 1703 649 1743 alii:
688 1702 850 1753 pendet
880 1702 1010 1741 etiam
1043 1700 1238 1753 requisita
1268 1700 1601 1753 aquaeduetuum
1624 1699 1822 1751 firmitas,

558 1765 879 1818 multarumque
908 1764 1201 1818 quaestionum
1233 1765 1284 1805 ad
1315 1775 1485 1805 motum
1517 1764 1750 1805 fluidorum
1780 1765 1827 1805 in

560 1841 753 1881 corpore
775 1828 950 1868 animali
974 1829 1285 1881 pertinentium
1309 1827 1470 1867 solutio
1491 1837 1534 1868 et
1555 1840 1660 1882 quae
1682 1826 1825 1867 huius-

561 1894 684 1932 modi
707 1892 1049 1932 desideraturum
1074 1891 1162 1931 sunt
1185 1891 1278 1930 alia.
1327 1891 1440 1932 Mox
1460 1903 1604 1931 autem
1627 1891 1825 1931 animad-

560 1957 688 2004 uerti,
715 1954 942 2008 problema
970 1955 1160 1995 nostrum
1184 1954 1289 1994 solui
1310 1954 1424 2006 prius
1446 1968 1535 1996 non
1557 1954 1676 2008 poss‘e
1697 1965 1823 2006 quam

564 2030 712 2058 motus
735 2032 934 2072 aquarum
959 2020 1076 2060 recte
1097 2016 1297 2059 definitus
1317 2016 1464 2067 fuerit,
1506 2028 1548 2058 et
1570 2018 1629 2057 ita
1649 2017 1825 2071 quidem

565 2079 768 2125 definitus
802 2093 850 2124 vt
886 2081 1059 2138 singulis
1093 2081 1332 2125 momentis
1360 2092 1383 2123 a
1411 2081 1556 2138 quiete
1584 2081 1653 2124 seu
1678 2089 1828 2121 motus

1739 2153 1824 2184 mr—
