1976 2605
403 191 716 246 :zAGID'AE
751 192 1109 244 EXPchTr.
1358 216 1452 256 257

176 323 428 369 Alcmenen
455 318 652 361 Herculis
681 327 868 360 matrem
898 314 1210 374 Ύενεαλογέο-ιν
1236 328 1291 361 etr
1315 318 1452 364 Deia-

170 390 316 429 -niram
339 414 350 436 ,
393 386 452 425 ita
475 394 521 425 vt
541 383 716 436 Iapetus
732 392 783 422 ‘et
804 381 986 423 Inachus
1009 384 1190 435 denique
1216 386 1452 437 prodeant.

178 452 355 505 Iapetus
396 449 483 489 {ine
505 460 508 463 ’
530 447 662 488 dubio
692 446 822 487 Noae
859 446 1130 498 patriarchae
1161 447 1285 488 filins.
1353 449 1452 490 Ina-

175 516 313 566 chus,
353 528 373 555 a
404 525 518 567 quo,
558 522 606 552 vt
642 509 816 551 Ocellus
852 510 1046 550 Lucanus
1083 512 1151 559 (1)
1191 513 1450 565 obseruauit,

174 579 347 632 Graeca
376 577 465 617 sere
497 574 674 616 historia
703 574 878 614 initium
910 573 954 612 in
985 572 1131 614 sabulis
1151 577 1294 627 capit,
1333 580 1452 630 quod

177 657 234 685 eo
272 644 469 685 auctore
485 638 693 694 insignem
739 637 1041 679 mutationem
1087 636 1299 679 Graecia·
1314 640 1452 683 subiit:

177 705 376 756 πολλάκις
408 699 506 762 ‘yae
541 700 608 760 uoq
640 717 696 759 ’γε
702 716 805 758 Ύονε
839 697 908 758 καὶ
931 698 1025 758 ἔςοᾳ
1072 698 1282 757 &Aegaeos
1310 701 1336 754 ἢ
1366 706 1452 744 Ελ-

170 768 257 819 λάς.
327 772 500 812 Praeter
519 768 673 809 Iouem
698 778 742 807 ct
765 765 1018 814 Herculem,
1045 766 1190 807 Marte
1215 778 1338 819 patre
1350 768 1450 819 glo—

171 835 271 875 riati
303 835 393 875 sunt
422 830 663 875 Ptolemaei
687 841 827 882 reges,
896 830 1011 872 Nam
1040 829 1282 871 Deianirae
1308 843 1451 874 mater

170 898 329 939 Thestii
358 899 441 942 filia
465 896 542 936 fuit
568 922 579 945 ,
619 893 815 935 Thestius
834 922 846 946 ,
883 904 931 934 vt
954 894 1068 946 apud
1097 894 1452 949 Apollodorum,

172 959 326 1001 Martis
347 971 391 1001 et
409 958 685 1002 Demonices
706 958 830 998 filius.
866 959 989 1008 Ergo
1006 959 1290 1007 ‚Ptolemaeus
1310 960 1450 1000 Euer-

169 1034 291 1076 getes
320 1025 365 1062 in
395 1029 691 1063 monumento
716 1019 989 1067 Adulitano,
1030 1031 1128 1059 cum
1152 1020 1346 1064 Martem
1363 1035 1446 1064 no-

172 1086 370 1128 minaffet
402 1102 409 1127 :
476 1084 517 1125 Ο
548 1083 634 1124 ΜΕ
659 1083 763 1124 ΚΑΙ
796 1080 1189 1124 ΕΓΕΝΝΗΣΕΝ.

281 1211 485 1267 Aquilam
514 1212 558 1253 in
589 1211 726 1254 numis
755 1211 909 1254 nostris
932 1210 984 1252 ad
1010 1212 1169 1254 Iouem
1219 1212 1447 1256 auctorem

168 1273 311 1329 stirpis
338 1275 593 1326 retulimus,
638 1277 735 1332 quia
757 1277 907 1328 aegida
931 1276 1110 1328 pedibus
1131 1287 1271 1318 tenet.
1313 1277 1445 1318 Alio-

169 1338 241 1392 qui
277 1337 389 1379 haud
428 1340 586 1393 ignoro
611 1369 624 1392 ,
668 1342 713 1379 in
761 1339 883 1380 huius
922 1340 1153 1380 natiuitate
1200 1339 1445 1384 Ptolemaei

173 1402 354 1455 aquilam
386 1403 593 1459 prodigio
621 1401 750 1445 fuiss'e.
821 1403 929 1444 Eam
963 1415 1058 1444 rem
1079 1416 1191 1444 vero
1215 1404 1377 1445 scutum
1400 1407 1444 1448 in

174 1466 311 1506 numis
341 1464 549 1518 lignatum
579 1467 755 1507 indicat.
831 1464 940 1506 Sunt
973 1468 1088 1506 enim
1127 1468 1202 1520 qui
1246 1469 1440 1521 tradant,

172 1529 385 1571 Arsinoen
411 1542 432 1571 a
450 1529 655 1583 Philippo
677 1540 780 1583 rege
799 1528 1021 1581 vitiatam,
1043 1530 1164 1584 Lago
1189 1531 1346 1574 deinde
1367 1533 1441 1574 da-

172 1595 328 1634 tamin
364 1594 708 1636 matrimonium.
779 1594 946 1651 Quare,
985 1603 1034 1635 vt
1083 1593 1302 1637 Pausanias
1340 1597 1442 1638 scri-

173 1656 274 1710 psit,
296 1659 362 1707 (2)
384 1656 649 1700 Macedones
666 1659 759 1699 Πτο
763 1657 937 1714 λεμοᾳσν
953 1656 1146 1702 Φιλίππε
1174 1657 1438 1718 πῆδαὲἶνας,

167 1720 296 1775 λόγῳ
327 1717 371 1762 δὲ
400 1721 534 1779 Aoi‘ys
559 1724 615 1766 ἐνε
614 1720 758 1778 μιξον.
830 1722 941 1764 Cum
971 1731 1116 1762 autem
1139 1722 1328 1763 Arsinoe
1354 1723 1441 1764 fili-

171 1796 242 1825 um
275 1784 496 1827 Eordaeae
533 1787 575 1827 in
607 1786 853 1842 Mygdonia
882 1785 1116 1840 peperisset
1136 1813 1148 1837 ,
1190 1796 1364 1840 partum
1390 1788 1438 1830 in

118 1874 124 1880 -
172 1859 312 1889 aeneo
331 1848 485 1904 clupeo
506 1851 573 1893 seu
593 1851 714 1893 scuto
738 1849 959 1905 exposuit.
1025 1850 1236 1892 Inseritur
1256 1850 1439 1894 huiclo-

170 1923 225 1952 co
242 1940 253 1962 ,
292 1913 470 1966 aquilam
496 1914 570 1957 alis
597 1916 795 1971 expansis
820 1915 871 1956 ab
899 1915 1061 1957 ardore
1085 1914 1186 1957 solis
1208 1915 1437 1957 imbrium-

169 1988 250 2029 que
285 1977 487 2020 molestiis
516 1980 731 2022 infantem
775 1978 1008 2020 defendisse
1053 1988 1098 2020 et
1141 1980 1438 2024 coturnicibus

169 2041 440 2094 dilaceratis,
473 2055 619 2086 earum
647 2043 869 2087 nutriuiss‘e
895 2043 1113 2098 sanguine.
1154 2044 1306 2088 Credo
1325 2057 1437 2098 ego,

169 2100 281 2145 Tom.
308 2102 391 2147 IV.
745 2110 782 2152 R
804 2121 825 2149 r
1122 2141 1126 2144 -
1311 2108 1432 2152 Arfi-

246 2237 306 2279 (ι)
337 2248 366 2280 p.
383 2246 453 2279 530·
495 2239 550 2282 (ι)
588 2249 619 2284 p,
644 2248 694 2283 14.
717 2246 770 2283 ις.
799 2239 905 2274 confer
926 2239 1108 2273 Athenaeum
1129 2245 1161 2282 p.
1182 2243 1255 2281 557.
