1976 2605
183 175 734 233 comrssvcnouis
771 172 1130 224 METHoDUs
1152 183 1241 230 &a
1291 199 1384 239 „³

234 317 309 347 nes
349 300 526 344 areolae
567 301 611 341 in
655 313 746 341 vno
775 299 915 341 litere
947 301 1097 342 exacte
1130 311 1303 354 tangat,
1346 314 1391 344 et

233 369 417 424 spatium
451 365 624 406 arcolae
649 378 730 406 nec
754 367 915 414 intret,
960 377 1096 419 neque
1119 366 1274 407 linealc
1300 368 1391 422 pla·

237 447 291 475 ne
315 433 552 484 dispareat,
593 430 662 471 scd
689 428 863 470 areolae
890 428 996 469 fines
1020 441 1191 470 tantum
1214 430 1393 486 stringat

239 510 283 538 et
323 497 546 538 terminet.
620 494 756 547 quue
788 493 840 533 ad
871 494 1020 533 cuneta
1050 494 1223 534 arcolae
1255 496 1394 537 latera

238 562 551 608 continuetur,
610 568 654 598 et
691 558 834 596 lineae
883 557 1117 606 ducantur,
1160 568 1259 598 tunc
1307 562 1391 601 cir·

239 625 498 677 cumscripta
521 622 602 663 erit
627 622 777 663 areola
807 621 944 661 lineis.
1015 622 1124 662 Hinc
1161 622 1294 671 radii,
1337 637 1392 666 ex

247 680 556 732 fitu‘inclinato
581 686 780 740 planitiei
802 686 905 726 vitri
930 686 1228 739 prodeuntes,
1270 697 1314 727 et
1349 690 1395 729 in

242 754 428 796 tabulam
457 752 884 807 perpendiculariter
906 751 1097 793 erectam
1128 751 1391 803 incidentes,

239 817 537 859 terminabunt
558 817 739 870 spatium
761 815 881 870 quod
901 828 1052 857 veram
1082 814 1267 868 figuram
1297 829 1394 856 are·

237 884 407 924 olarum
438 881 677 921 lucidarum
713 880 933 922 indicabit.
1004 879 1229 934 Simulque
1259 880 1391 920 inno-

235 947 368 989 tescet
385 973 397 996 ,
436 958 644 999 quantum
677 944 882 986 differant
905 944 1109 999 planities
1131 945 1236 985 vitri
1260 946 1393 998 poly-

234 1012 368 1053 edrici
401 1023 423 1051 a
453 1009 587 1064 figura
627 1009 874 1050 areolarum
914 1010 958 1049 in
997 1006 1140 1049 tabula
1171 1008 1392 1062 expressa-

236 1089 359 1124 rum,
401 1085 444 1114 ct
468 1086 523 1114 ex
553 1086 609 1114 eo
637 1073 814 1113 iudicari
835 1074 1008 1126 poterit
1032 1072 1084 1110 de
1112 1083 1241 1112 antea
1262 1084 1392 1113 com-

234 1148 582 1178 memoratarum
610 1136 932 1177 methodorum
955 1134 1317 1188 impossibilitate.

174 1216 218 1255 3.
255 1202 535 1254 Confignatis
565 1201 726 1242 areolis
756 1200 942 1254 eligatur
973 1213 1121 1240 earum
1144 1199 1326 1240 inferior
1347 1200 1392 1240 in

234 1265 377 1305 tabula
398 1291 409 1313 ‚
459 1277 565 1318 quae
598 1277 674 1316 per
707 1264 971 1316 polyedrum
1001 1265 1111 1312 visa,
1163 1263 1392 1317 apparebit

238 1327 466 1380 fuperior,
517 1339 559 1367 et
591 1330 633 1366 in
664 1339 739 1376 ea,
780 1338 850 1367 aut
885 1326 966 1367 alia
997 1328 1265 1378 commoda,
1313 1328 1392 1368 fiat

239 1391 411 1431 initium
437 1390 743 1430 delineationis
766 1390 906 1430 iconis
929 1388 1258 1432 deformandae.
1301 1392 1393 1432 Hu-

243 1454 301 1494 ius
323 1454 521 1504 imaginis
542 1453 687 1492 duetus
711 1463 837 1505 atque
859 1453 1026 1502 lineae,
1053 1453 1080 1492 ss
1107 1467 1236 1494 vnam
1262 1467 1392 1495 areo-

242 1518 326 1558 lam
352 1515 663 1565 transiuerunt,
703 1517 1025 1557 connectantur
1053 1529 1150 1557 cum
1181 1518 1263 1558 alia
1294 1531 1391 1559 are-

240 1582 334 1633 ola,
374 1593 479 1636 quae
503 1592 590 1634 ope
610 1579 747 1620 baculi
770 1581 983 1620 tenuioris
1005 1591 1049 1622 et
1071 1584 1308 1624 acuminati
1342 1594 1392 1625 vt

239 1658 282 1688 et
322 1647 534 1699 denigrati
570 1646 653 1685 erit
701 1645 1029 1698 inuestiganda‚
1077 1646 1391 1700 perspiciendo

240 1723 319 1764 per
347 1711 521 1760 tubum,
562 1710 632 1750 vbi
662 1709 783 1750 simul
813 1710 987 1750 areolae
1020 1710 1182 1749 limites
1206 1713 1389 1752 innote-

241 1775 357 1816 scunt
379 1803 390 1825 ,
439 1786 564 1829 atque
594 1773 714 1815 locus
746 1775 970 1815 inuenitur
1000 1775 1192 1828 pic‘turae
1223 1788 1390 1816 conue-

244 1840 375 1880 niens.

180 1920 223 1957 4.
264 1904 467 1946 Absoluta
504 1915 602 1946 tota
639 1902 970 1946 deformatione
1002 1905 1119 1955 rudi,
1161 1905 1386 1946 correctio

242 1971 333 2022 typi
369 1969 611 2010 instituatur
648 1970 699 2008 ad
738 1982 1037 2022 prototypum
1064 1997 1075 2018 ‚
1138 1970 1386 2022 transfpici-

245 2034 358 2073 endo
397 2034 567 2087 semper
612 2045 691 2086 per
721 2032 921 2073 foramen
953 2034 1066 2082 tubi,
1119 2044 1251 2074 tonec
1282 2047 1385 2075 cun-

240 2099 302 2139 (tr.
327 2098 438 2138 reete
458 2098 726 2141 cohaereant
750 2110 793 2138 et
818 2098 1001 2152 figuram
1031 2099 1275 2155 prototypi
1305 2112 1384 2142 ex-

240 2174 446 2216 prim-ant.

692 2225 766 2269 Dd
793 2241 820 2281 3
996 2224 1000 2228 ”
1297 2226 1380 2266 Di-
