1976 2605
425 123 854 176 RESI‘STENTIA
891 125 1234 175 SPECIMEN.
1364 139 1453 189 1⁶5

177 256 291 297 sama
311 252 381 295 est.
449 253 490 295 Is
518 251 617 292 alibi
648 260 959 302 geometram,
1001 251 1223 306 physicum
1253 252 1376 304 alibi,
1418 263 1463 296 et

180 319 414 374 aliquando
437 327 743 359 oeconomum
764 317 853 368 egit
877 317 919 355 in
940 314 1026 356 hoc
1048 328 1326 369 argumento.

311 378 346 426 §.
394 396 432 421 2.
504 377 636 421 Nobis
668 380 709 419 id
737 391 863 419 curae
895 379 950 420 est
974 405 986 429 ,
1047 391 1095 421 vt
1126 380 1242 422 fastis
1270 381 1465 435 repetita

179 448 274 489 vice
297 445 630 499 experimentis,
646 443 825 484 tandem
849 442 1079 496 aliquando
1101 455 1328 497 appareat,
1355 458 1459 487 num

181 513 293 554 dieta
330 510 541 550 Virorum
576 518 755 548 naturae
791 503 1077 559 congruant?
1134 518 1206 547 aut
1242 521 1465 564 quousque

182 570 414 617 aberrent?
480 572 529 614 Id
555 584 602 614 vt
630 569 816 611 consilio
854 571 1010 624 magis,
1051 583 1177 626 quam
1216 572 1332 621 casu,
1374 574 1464 625 fiat,

184 640 410 692 praemitti
435 639 577 692 vtique
609 634 985 676 considerationes
1013 637 1242 677 abstractae
1280 637 1461 688 debent,

183 704 252 744 sed
272 715 432 756 paucae
463 701 584 752 illae,
626 712 704 740 nec
727 698 948 750 difficiles,
993 714 1071 742 nec
1093 713 1247 742 omnes
1270 714 1428 742 nouae.

310 762 346 808 9.
388 780 430 818 3.
500 765 720 818 Principio
747 763 819 804 illu
848 759 1057 806 Mariottz·
1083 765 1170 806 laus
1207 765 1294 816 est,
1345 766 1465 820 quod

179 827 251 869 duo
291 838 505 885 corporum
547 829 834 870 resistentium
868 841 1020 883 genera
1059 829 1250 871 distinxit
1281 831 1462 884 liquido,

180 893 311 944 Sunt,
351 905 458 948 quae
479 893 612 935 solida
634 894 745 943 dici,
786 903 830 933 et
859 894 1000 946 rigida
1031 894 1210 945 debent,
1250 895 1464 949 exemplo

176 956 405 1011 lapidum,
445 959 550 999 vitri
590 968 634 998 et
671 958 922 1011 lignorum:
1003 958 1144 1008 Sunt,
1186 971 1292 1012 quae
1329 959 1465 1001 solida

176 1023 377 1076 quidem,
417 1023 486 1062 sed
507 1022 695 1072 flexilia,
737 1023 851 1063 cuius
872 1023 998 1064 modi
1031 1023 1122 1064 sunt
1149 1023 1339 1062 laminae
1369 1036 1462 1063 me-

181 1086 350 1126 tallicae
389 1087 644 1135 tenuiores,
695 1088 895 1138 corium,
945 1100 1160 1141 papyrus,
1205 1096 1249 1126 et
1295 1086 1464 1129 similia.

174 1148 398 1191 Differunt
425 1149 530 1191 haec
559 1162 752 1204 corpora
784 1150 1119 1193 resistenti-arum
1148 1150 1312 1204 legibus
1337 1164 1380 1193 et
1400 1152 1464 1193 se-

180 1213 311 1254 Orfim
333 1213 492 1266 lingula
513 1214 753 1254 examinari
778 1215 1006 1266 postulant.

311 1270 349 1315 §.
387 1295 432 1330 4.
499 1274 681 1315 Secunda
699 1277 853 1329 ibique
884 1278 1076 1317 innotuit
1103 1276 1318 1331 dissinclio,
1354 1291 1463 1333 quae

182 1335 330 1377 modum
356 1337 554 1389 respicit,
594 1350 682 1392 quo
708 1339 843 1379 solida
871 1339 992 1382 simul
1020 1351 1063 1381 et
1086 1342 1223 1393 rigida
1253 1342 1463 1383 adhiben-

185 1411 251 1441 tur
284 1411 490 1453 corpora.
560 1401 720 1440 Trabes
758 1401 934 1453 posthae
973 1404 1235 1455 appellabo,
1278 1417 1374 1445 cum
1411 1407 1464 1448 de

181 1463 245 1504 his
266 1466 404 1517 agitur
423 1464 698 1517 corporibus.
765 1465 826 1506 Ea
853 1476 998 1506 autem
1029 1468 1098 1507 vel
1125 1480 1210 1508 vna
1231 1467 1287 1508 sui
1311 1480 1463 1511 extre·

178 1528 333 1569 mittite
355 1541 482 1569 muro
503 1528 761 1581 infiguntur:
800 1529 872 1569 vel
892 1530 1048 1572 duabus
1070 1533 1342 1584 innituntur,
1371 1546 1463 1576 non

180 1590 316 1642 fixae,
353 1593 422 1633 vel
442 1604 620 1648 vtraque
640 1596 930 1636 extremitate
953 1608 1082 1636 muro
1102 1596 1262 1638 infixae
1281 1597 1463 1640 firman·

183 1666 265 1697 tur.
331 1653 506 1699 Primum
522 1657 588 1698 hic
605 1658 904 1700 examinamus
923 1659 1078 1700 casum.

312 1715 347 1762 §.
390 1732 429 1772 5.
499 1722 597 1764 Isin
619 1721 719 1762 duas
740 1723 1120 1778 diuiditur-parter.
1190 1724 1376 1782 Quando
1395 1725 1462 1768 vis

184 1783 350 1824 trabem
387 1795 562 1839 ruptura
590 1787 880 1829 directionem
908 1789 1041 1829 trabis
1063 1788 1329 1841 longitudini
1358 1803 1458 1843 par·

184 1847 353 1887 allelam
384 1850 543 1899 seruat,
577 1851 769 1894 dicemus
797 1853 966 1893 trabem
991 1850 1141 1894 direHe
1158 1852 1287 1894 euelli:
1324 1867 1460 1909 quan·

186 1911 243 1949 do
265 1914 324 1951 vis
345 1913 384 1954 in
407 1915 647 1958 directione
676 1917 727 1955 ad
755 1917 885 1957 trabis
913 1917 1237 1971 longitudinem
1270 1930 1460 1972 perpen-

185 1975 357 2016 diculari
390 1980 500 2033 agit,
540 1980 794 2021 vocabimus
825 1981 890 2031 id,
933 1982 1101 2022 trabem
1127 1980 1356 2036 transuerse
1381 1982 1455 2024 ab·

183 2049 380 2092 rumpere.
419 2043 745 2086 Nomenclator
767 2045 823 2084 est
842 2044 1083 2086 Leibm'tius.
1123 2046 1305 2089 InAstis
1323 2048 1456 2089 Erud.

187 2108 331 2163 1684.
361 2118 459 2164 pag.
489 2122 597 2162 3²0·
687 2109 969 2152 Directiones
1005 2110 1196 2166 obliquas
1230 2111 1456 2168 speciatim

767 2173 809 2216 X
836 2188 860 2226 3
1361 2186 1456 2215 me·
