1976 2605
373 140 722 197 εοειΕΤΑΤΕ
756 141 1120 193 ιΝςΤιΤυΤΑ
1141 147 1229 198 &02
1354 166 1443 209 195

167 272 297 316 initio
316 282 450 327 vsque
472 268 524 309 ad
546 268 695 308 datum
717 268 957 308 terminum
992 268 1203 310 maximas
1237 271 1452 312 accelera-

164 339 312 378 tiones
341 332 641 376 innotescant:
680 344 788 384 quie
816 334 935 372 ratio
966 333 1048 382 cst,
1090 334 1208 386 quod
1247 335 1300 376 ad
1338 346 1455 376 tem,

165 413 278 455 pora
319 400 463 441 nostra
497 408 628 449 vsque
675 395 851 436 latuerit
892 396 994 446 ista,
1039 409 1166 450 quam
1205 396 1335 439 fluida
1373 412 1454 454 per

163 464 336 506 canales
359 474 482 505 mota
513 470 776 508 exerceant,
820 458 1006 512 prellio·,
1045 473 1184 513 neque
1217 461 1338 502 illam
1369 476 1455 516 ego

169 529 414 571 detestatus
450 523 638 573 suiffem,
680 521 757 562 nisi
789 524 904 575 prius
932 524 976 563 in
1007 522 1231 563 theoriam
1268 538 1455 577 genera-

165 592 256 635 lem
292 592 339 633 de
375 598 477 633 motu
510 600 707 644 aquarum
729 594 805 641 per
830 585 992 627 canales
1017 599 1274 643 qum-cunque
1284 590 1453 643 fluenti-

165 669 229 697 um
257 655 490 697 incidissem
512 681 524 705 ‚
570 664 698 706 quam
736 651 889 692 videre
921 651 978 692 cst
1004 652 1048 693 in
1073 648 1284 693 Comment.
1316 652 1454 695 Acuti.

165 719 310 763 Scient.
340 716 502 773 Petrop.
533 712 647 758 Tom.
667 713 736 756 Π.
756 722 855 770 pag.
884 729 901 755 1
919 728 936 755 1
954 729 993 755 1.
1061 716 1161 769 Ope
1184 716 1297 756 istius
1321 716 1452 758 theo-

160 783 254 824 riae
283 781 496 824 Staticam
536 780 775 822 fluidorum
819 790 1054 821 motorum
1090 781 1303 821 adornaui
1339 782 1454 822 inte-

161 857 315 901 gram,
355 847 472 888 cuius
503 845 741 900 specimina
774 844 987 898 quaedam
1015 843 1086 889 hic
1118 856 1343 898 apponam
1376 858 1456 887 ceu

161 909 369 964 exempla
392 910 713 965 experimentis
743 920 899 951 coram
927 908 1138 950 societate
1163 907 1452 951 confirmata:

158 974 314 1029 Neque
336 977 452 1017 enim
473 974 638 1028 angusti
658 973 824 1014 limites
847 973 1097 1014 huiusmodi
1116 973 1453 1014 Diffcrtationi-

159 1038 236 1079 bus
265 1039 544 1080 Academicis
577 1037 834 1091 praescripti
860 1037 904 1077 id
931 1038 1058 1078 aliter
1084 1038 1357 1089 permittunt
1387 1046 1454 1078 at·

155 1114 239 1155 que
259 1111 502 1153 propterea
524 1099 656 1141 malui
683 1101 860 1150 omnia,
901 1111 1009 1153 quae
1029 1101 1071 1140 in
1092 1111 1160 1140 res
1183 1099 1374 1154 aquarias
1395 1099 1454 1142 fe-

156 1165 199 1205 ci
217 1164 450 1217 meditata,
487 1165 533 1207 in
551 1176 686 1206 vnum
707 1175 957 1218 congerere
980 1165 1232 1206 trailatum.

291 1290 426 1342 Finge
454 1290 588 1342 igitur
616 1288 799 1330 fistulam
828 1290 1113 1343 cylindricarn
1149 1288 1326 1332 castello
1358 1302 1448 1332 am-

162 1351 388 1406 plitudinis
418 1353 554 1393 veluti
587 1352 786 1393 infinitae
817 1364 861 1393 ct
885 1366 1017 1406 aquae
1050 1353 1205 1406 plenae
1236 1354 1450 1395 horizon-

163 1416 309 1457 taliter
328 1414 662 1468 implantatam‚
693 1416 864 1467 eiusque
887 1416 1105 1456 orificium
1128 1429 1362 1457 externum
1383 1419 1446 1458 di-

159 1481 259 1532 gito
281 1479 531 1520 obturatum
551 1486 684 1531 puto:
722 1477 785 1518 ita
805 1478 924 1518 vides
945 1478 1128 1532 singulas
1155 1479 1316 1521 fistulae
1346 1493 1446 1534 par-

162 1554 228 1584 tes
249 1543 478 1585 secundum
501 1541 670 1596 regulas
694 1542 937 1583 ordinarias
968 1545 1057 1584 toti
1090 1556 1220 1598 aquae
1252 1544 1448 1586 altitudi-

160 1609 204 1647 ni
233 1608 550 1647 conuenientes
568 1605 755 1661 press‘um
777 1607 846 1646 iri.
915 1608 977 1648 At
998 1619 1109 1648 vero
1136 1621 1232 1648 cum
1259 1620 1444 1651 remoto

162 1671 304 1724 digito
333 1683 465 1724 aquae
496 1683 575 1724 per
614 1670 798 1712 fistulam
836 1669 1013 1712 effluere
1049 1672 1292 1724 incipiunt,
1333 1686 1446 1715 mox

163 1733 430 1775 diminuetur
463 1748 593 1789 aquae
635 1733 818 1789 premo,
858 1734 954 1776 imo
994 1735 1171 1776 tandem
1205 1747 1304 1776 tota
1342 1749 1443 1778 eua-

166 1799 330 1839 nescet:
371 1811 505 1853 neque
543 1810 703 1840 tamen·
732 1798 923 1839 mutatio
962 1799 1034 1840 ista
1071 1801 1114 1840 in
1143 1799 1316 1840 instanti
1346 1799 1439 1852 fiet,

161 1862 415 1915 praesertim
438 1862 467 1903 fi
494 1863 676 1917 longior
699 1862 827 1904 fuerit
847 1861 1002 1905 fistula:
1041 1864 1142 1904 dum
1164 1864 1340 1905 demum
1368 1876 1442 1907 to·

161 1935 206 1964 ta
228 1927 472 1978 euanescet‚
515 1940 612 1968 cum
635 1940 740 1980 aqua
760 1939 943 1969 omnem
962 1941 1089 1981 quam
1115 1928 1337 1982 acquirere
1356 1942 1441 1984 po-

165 1988 249 2030 test
275 1990 554 2033 velocitatem
585 1991 809 2042 habuerit3
879 1990 929 2032 ld
967 2004 1077 2032 vero
1112 1990 1162 2032 fit
1201 1993 1296 2046 post
1326 2003 1441 2035 tem-

162 2065 262 2105 pus,
303 2053 564 2113 fi'accurate
594 2054 716 2110 loqui
749 2053 959 2105 velimus,
999 2054 1247 2107 infinitum,
1286 2070 1438 2112 quam-

160 2118 222 2156 uis
252 2128 339 2159 tam
368 2118 570 2162 celeriter
595 2119 866 2162 acceleretur
893 2132 1024 2176 aquae
1051 2131 1231 2174 motus,
1288 2133 1336 2163 vt
1375 2122 1435 2162 di·

743 2183 814 2226 Bb
857 2196 882 2223 2
1359 2186 1431 2227 sto
