1976 2605
166 188 454 242 mmm
473 181 693 250 ΑΤρυΕ
714 180 972 233 VrrROR.
1002 177 1311 225 Momm.
1355 198 1378 225 2
1387 199 1411 239 a
1426 202 1445 228 1

235 325 277 358 ς,
346 311 487 344 Porro
510 307 718 353 expertus
741 297 857 350 sum,
898 299 1020 351 quod
1040 297 1208 340 chorda
1238 300 1362 341 vnius
1387 302 1453 342 in-

293 365 545 415 strumenti,
582 362 755 418 quando
779 376 876 404 eam
900 364 1014 403 intra
1038 364 1125 403 duo
1152 363 1275 405 frusta
1295 364 1456 418 glaciei

293 430 456 472 leniret
478 425 824 477 madefiicerem,
860 426 1046 469 altiorem
1075 438 1233 468 tonum
1258 431 1457 483 acquire-

295 507 362 537 ret
384 505 511 548 quam
526 491 670 533 altera
692 490 819 531 ficca.

362 561 484 612 Aqua
506 555 654 609 tepida
677 566 772 593 cum
796 552 991 594 linteolo
1019 553 1264 595 madefacto
1296 556 1456 600 diutius

293 625 442 666 fricata
463 619 646 668 chorda,
663 628 822 659 tonum
845 619 979 659 etiam
1001 617 1235 658 assumebat
1255 616 1453 663 altiorem.

350 684 558 729 Abstersis
579 683 772 725 linteolo
795 681 1160 732 chordis‚tamen
1183 682 1354 724 acutior
1379 693 1452 725 to-

291 762 368 791 nus
392 749 620 799 manebat,
662 760 795 802 vsque
827 747 930 789 dum
961 757 1039 799 per
1071 747 1112 787 se
1144 747 1196 787 ard
1226 747 1457 800 pristinam

294 813 535 855 siccitatem
559 825 602 855 et
628 813 780 854 statum
803 811 1051 862 redientes,
1074 813 1235 852 iterum
1261 823 1455 852 concor-

294 878 447 920 darent
480 891 576 919 cum
606 877 784 922 chordis
812 869 939 918 sociis
978 886 1023 919 et
1053 875 1262 918 vnisonae
1297 888 1456 919 omnes

295 944 602 985 redderentur.
859 961 862 964 >

360 1008 514 1049 Calida
543 1019 648 1060 aqua
678 1007 840 1047 eodem
870 1005 1012 1045 modo
1043 1003 1207 1046 affricta
1239 1005 1291 1045 ad
1319 1017 1454 1047 Vnam

297 1070 538 1119 chordam,
581 1080 739 1111 tonum
772 1066 1000 1120 depressit,
1041 1068 1112 1120 qui
1141 1070 1319 1120 grauior
1350 1082 1453 1120 per-

295 1133 448 1173 mansit
473 1145 599 1185 quam
621 1134 690 1173 diu
715 1133 870 1172 mador
897 1130 1058 1170 calidus
1081 1134 1302 1182 manebat,
1329 1132 1450 1172 dein-

296 1196 349 1237 de
374 1198 627 1248 reti-igerata
650 1196 842 1245 chorda,
883 1195 1110 1249 pristinum
1135 1205 1292 1237 tonum
1319 1195 1452 1236 altio-

298 1272 392 1299 rem
432 1262 617 1313 recepit.

233 1326 279 1361 6.
347 1321 469 1362 Intra
499 1323 654 1363 rimam
686 1322 792 1374 ligni
817 1321 1055 1362 calidiffimi
1080 1331 1123 1361 et
1147 1321 1241 1363 ficci
1264 1323 1453 1364 demulsa

299 1382 462 1424 chorda
485 1394 640 1425 tonum
663 1384 930 1438 deprcffiorem
956 1386 1141 1438 recepit.

238 1458 280 1498 7.
347 1448 467 1488 Intra
497 1449 655 1487 rimam
687 1447 868 1488 calidam
898 1449 1011 1488 coc'ti
1041 1449 1084 1486 in
1116 1460 1221 1500 aqua
1259 1449 1366 1502 ligni
1407 1461 1451 1492 et

300 1512 456 1552 exinde
504 1510 722 1550 madidam
771 1509 949 1551 ·ehorda
1007 1520 1162 1551 tonum
1215 1514 1455 1566 grauiorem

301 1574 632 1615 nanciscebatur.

237 1642 277 1680 8.
344 1639 464 1680 Intra
484 1640 640 1679 rimam
662 1637 791 1692 ligni,
815 1638 858 1678 in
881 1651 985 1692 aqua
1004 1638 1157 1691 frigida
1177 1640 1332 1681 diutius
1358 1655 1450 1684 ma-

298 1703 450 1751 cerati,
476 1702 596 1744 fricta
617 1702 782 1742 chorda
807 1713 962 1743 tonum
985 1704 1207 1743 acutiorem
1232 1704 1413 1745 sistebat.

237 1781 280 1818 9.
344 1766 465 1808 Intra
488 1768 642 1806 rimam
665 1767 773 1819 ligni
795 1766 890 1807 sicci
914 1778 956 1806 et
986 1766 1127 1821 frigidi
1158 1770 1348 1809 terendo
1377 1781 1450 1810 to—

300 1842 373 1870 nus
397 1830 586 1873 chordae
607 1833 777 1872 acutior
797 1831 1072 1872 reddebatur.

243 1907 314 1934 10.
382 1894 432 1935 111
461 1908 608 1948 aquam
642 1893 888 1936 feruentem
920 1895 1111 1936 immisso
1149 1905 1253 1936 toto
1295 1898 1445 1939 instru-

303 1970 454 1999 mento
483 1971 607 2000 extra
635 1973 786 2012 aquam
818 1960 1092 2000 manentibus
1119 1959 1294 2003 chordis
1317 1972 1449 2004 tonus

297 2023 452 2062 acutior
489 2022 635 2064 fiebat.

242 2098 315 2124 ιι.
383 2086 434 2127 In
460 2100 607 2141 aquam
637 2085 879 2128 (eruentem
911 2087 1124 2128 immersis
1153 2088 1289 2129 solum
1310 2089 1444 2131 chor-

297 2150 386 2201 dis,
413 2152 474 2192 ita
510 2162 558 2194 vt
589 2163 749 2208 corpus
777 2152 1055 2194 instrumenti
1072 2163 1196 2196 extr-‚1
1225 2167 1375 2209 aquam
1399 2156 1446 2195 in

1363 2217 1441 2259 fic-
