1976 2605
544 197 642 247 264
1031 183 1120 232 DE
1156 181 1411 231 STATVA

538 319 606 352 tus
635 309 679 349 in
698 305 931 348 Thraciam
948 304 1051 344 abiit
1081 304 1331 345 exulatum:
1373 315 1428 345 ex
1459 316 1513 345 eo
1543 303 1658 345 enim
1686 302 1801 346 tem4

540 386 652 427 pore
673 368 1026 412 Demosthenem
1046 367 1167 408 Isaeo
1187 368 1226 408 se
1247 367 1488 417 tradidisse,
1526 379 1709 431 quatuor
1729 382 1799 409 au-

538 448 631 477 tern
655 434 777 472 annis
797 432 917 484 post,
958 431 1177 472 afflonem
1197 431 1413 483 suscepisse
1439 441 1595 472 contra
1613 441 1798 482 tutores,

539 500 795 538 Timocrate
815 495 1058 546 archonte,
1095 494 1368 547 Olympiadis
1389 495 1504 537 CIV.
1529 508 1567 534 1.
1589 507 1710 545 cum,
1752 506 1801 536 vt

535 560 717 602 testatur
760 558 995 612 Dionysius
1048 558 1447 607 Halicarnassensis,
1490 558 1803 610 septemdecim

539 635 757 665 annorum
795 622 896 663 effet
929 621 1266 663 Demosthenes.
1335 623 1465 678 Quod
1511 621 1802 664 Callistratum

541 683 1142 738 oratorenifiknpedifunnn
1174 685 1400 738 produnt,
1437 686 1481 725 in
1521 697 1575 725 eo
1615 686 1805 737 turpster

542 760 673 791 errat.
740 749 780 790 Is
802 750 916 789 enim
945 749 1260 802 Empedifilius
1290 750 1430 790 multo
1463 759 1562 789 aute
1627 748 1703 788 suit
1759 758 1804 788 et

539 814 657 853 bello
678 812 1022 865 Peloponefiaco
1043 814 1085 852 in
1100 811 1245 854 Sicilia
1257 811 1808 865 equitatuiAthenienfium

540 875 803 929 praestdhffi,
845 875 1022 915 finmster
1060 876 1439 929 pugnansceckhn
1477 879 1545 925 (7)
1582 873 1804 931 QpiinSb

541 939 644 978 ciha
697 939 995 990 occubuerat,
1036 938 1068 977 is
1116 939 1534 990 inastea,quornodo
1562 939 1669 976 nubi
1707 950 1807 989 per-

541 1000 698 1040 suadeo
715 1024 724 1045 ,
740 1009 876 1050 neque
898 997 1132 1048 inOropia
1153 998 1284 1036 caussa
1310 1002 1499 1038 versatus
1539 1000 1595 1037 est
1618 1026 1628 1047 ,
1671 1011 1806 1051 neque

540 1063 587 1103 in
604 1060 835 1101 Thraciam
857 1060 958 1099 abiit
988 1060 1222 1099 exulatum.
1290 1061 1399 1100 Tam
1422 1062 1556 1112 turpis
1577 1060 1810 1102 hallucina-

544 1125 611 1165 tio
633 1123 715 1163 siue
744 1122 974 1174 Hegesiae,
1014 1122 1097 1162 flue
1117 1121 1287 1160 alterius
1309 1122 1529 1173 scriptoris
1549 1149 1560 1170 ,
1602 1123 1643 1160 in
1675 1124 1808 1162 exilio

542 1198 712 1241 quoque
742 1185 977 1228 Callisti-ati
1004 1184 1137 1233 fecit,
1177 1194 1224 1224 vt
1254 1184 1620 1236 circumspiciam,
1661 1183 1688 1222 ss
1710 1184 1811 1236 quid

549 1248 804 1291 offenfionis
832 1248 882 1289 fit
915 1248 1156 1288 admistum.
1223 1247 1335 1288 Cum
1388 1259 1497 1287 vero
1552 1246 1814 1286 Aristoteles

545 1313 856 1355 Leodamantis
878 1313 921 1350 in
943 1310 1232 1352 Callistratum
1265 1310 1479 1349 aaronem
1505 1309 1708 1361 producit
1747 1318 1813 1349 ta-

546 1377 662 1426 lem,
701 1384 749 1415 vt
769 1377 811 1415 in
832 1364 1121 1429 δημαγωγδν
1142 1382 1184 1411 et
1208 1380 1435 1413 oratorem
1460 1373 1710 1421 conueniat,
1735 1385 1810 1425 pu-

549 1450 599 1480 to
622 1441 664 1479 in
697 1439 783 1478 hoc
810 1438 952 1477 altero
972 1436 1104 1476 fidem
1126 1435 1327 1476 adhibere
1347 1448 1417 1473 me
1441 1435 1559 1487 posse
1588 1436 1808 1488 Hegesiae.

547 1502 641 1542 Iam
672 1501 821 1540 videte
842 1527 852 1549 ,
894 1511 999 1552 quae
1028 1511 1083 1539 ex
1103 1497 1164 1538 his
1185 1497 1375 1538 aduersus
1393 1497 1615 1538 Olearium
1659 1499 1809 1540 conse-

550 1573 748 1616 quantur.
820 1562 1067 1618 Siquatuor
1098 1563 1217 1601 annss
1246 1570 1345 1601 ante
1382 1561 1688 1602 Tarnocraten1
1743 1575 1810 1603 ar-

551 1626 764 1666 chontem
786 1626 923 1666 solum
949 1627 1083 1666 vertit
1104 1624 1384 1675 Callistratus,
1422 1634 1469 1663 vt
1511 1625 1655 1677 paullo
1701 1636 1807 1665 ante

555 1689 678 1738 dixi,
720 1689 897 1728 exilium
920 1691 1003 1729 eius
1023 1690 1065 1728 in
1095 1687 1364 1741 Olympiadis
1395 1687 1491 1728 CII.
1529 1690 1672 1728 excitu
1703 1689 1812 1740 poni

554 1752 697 1791 debet.
768 1751 813 1792 Si
838 1762 939 1792 ante
963 1753 1140 1792 exilium
1172 1749 1401 1792 Callisti-ati
1422 1752 1504 1792 iam
1527 1752 1649 1791 omni
1686 1751 1808 1792 laude

554 1815 657 1856 artis
677 1814 829 1859 floruit
848 1815 1080 1867 Lysippus,
1121 1825 1256 1853 annos
1277 1813 1449 1853 circiter
1486 1815 1663 1868 triginta
1690 1825 1829 1856 natus-

554 1888 625 1917 aut
646 1876 828 1930 amplius
849 1905 861 1928 ,
902 1877 1072 1930 qualem
1097 1886 1289 1917 aetatem
1328 1878 1487 1916 eximia
1525 1891 1590 1918 ars
1619 1880 1808 1931 require-

554 1940 626 1980 bat
647 1967 658 1990 ‚
699 1939 827 1982 fuerit
848 1941 943 1980 sane
969 1940 1173 1992 Philippo
1193 1945 1295 1993 rege
1319 1938 1516 1981 defuncto
1536 1941 1645 1981 haud
1668 1941 1809 1982 multo

554 2004 1151 2058 rnhiorannisseptuaginta:
1192 2015 1297 2055 quae
1334 2012 1565 2044 aetasiion
1622 2005 1680 2044 sta
1709 2015 1810 2057 apta

557 2065 616 2106 est
641 2065 861 2118 statuario,
898 2080 920 2108 a
946 2080 1031 2121 quo
1061 2066 1155 2108 solo
1176 2066 1427 2108 Alexander
1445 2068 1539 2108 duci
1555 2070 1600 2109 in
1621 2080 1807 2109 aei-evo-

1715 2131 1812 2176 luit.

556 2196 1819 2219 *W-

635 2217 677 2260 (7)
699 2218 850 2249 Pausanias
867 2230 895 2261 p.
915 2221 980 2259 561.
