1976 2605
173 194 273 245 ΜΕ
287 191 462 242 TALL.
490 164 706 254 Α’ΤρυΕ
730 187 984 240 VITROR.
1007 187 1316 242 MOMENT.
1360 216 1451 256 227

183 321 234 362 Ei
263 318 469 359 laminam
492 317 526 359 Β
549 316 738 358 erectam
771 324 816 355 et
838 314 936 357 satis
968 315 1145 359 craffam
1177 329 1306 372 atque
1330 320 1455 361 infle-

177 383 316 423 xilem
331 386 416 433 {ta
447 381 673 435 adam-aui,
715 389 762 419 vt
794 381 928 420 tribus
957 382 1150 423 cochleis
1180 383 1382 426 chalibeis
1404 384 1457 426 ad

175 446 378 487 annulum
404 440 826 499 stiper‘comm'iffum
852 444 954 483 effet
982 444 1170 486 firmata.

300 510 493 551 Habebat
514 509 674 549 lamina
695 508 729 548 B
752 506 935 558 figuram
962 507 1130 547 linealis
1152 521 1248 549 cum
1271 523 1396 552 crure
1419 512 1456 555 C

170 574 386 628 angulum.
401 574 564 615 rectum
589 571 838 618 formante,
886 573 940 627 ¹²5:
966 572 1051 624 dig.
1075 570 1238 622 latum,
1279 586 1331 623 ις
1369 578 1455 628 dig.

170 639 355 692 longum
383 647 475 677 erat
504 634 664 676 linealc
702 633 833 688 vsq'ue
871 638 922 674 ad
959 636 1164 688 angulum
1202 647 1454 679 externum.

171 703 281 746 crus
306 713 410 741 vero
433 701 481 740 ab
507 700 668 752 angulo
692 700 743 740 ad
771 701 825 756 25
848 698 937 752 dig.
960 699 998 738 se
1021 701 1304 742 extendebat.

298 764 475 806 Deinde
499 763 580 804 feci
602 773 801 805 catenam
820 763 889 813 D,
932 765 1020 804 eius
1046 764 1241 816 formae,
1282 767 1456 819 qualem

166 827 408 882 horologia
460 829 713 882 portatilia‘
738 827 868 868 helici
907 830 1152 870 eorundem
1190 829 1457 870 circumuol-

166 894 352 934 uendam
385 893 570 944 habent,
611 904 657 934 et
685 893 863 947 quidem
886 895 1020 934 talem
1052 895 1169 934 cuius
1193 896 1329 949 quiuis
1349 896 1458 936 arti·-

164 957 280 998 culus
304 959 589 1000 intermedius
609 958 785 1013 gibbum
811 960 1149 1010 prominentem
1172 973 1197 998 a
1218 959 1420 999 habebat.

296 1023 385 1064 Hic
419 1033 574 1061 catena
609 1021 1075 1073 cingebatur‘annulus
1097 1025 1135 1063 A
1160 1023 1204 1062 in
1226 1024 1340 1063 cuius
1362 1035 1456 1064 me·.

165 1084 240 1125 dio
265 1084 506 1125 latsstudinis
543 1085 822 1137 peripheriae
854 1095 926 1123 tot
960 1097 1120 1124 crenae
1146 1097 1269 1125 erant
1293 1086 1453 1125 incisae

160 1146 208 1196 b,
251 1152 368 1201 quod
399 1148 513 1200 gibbi
541 1161 567 1187 a
595 1148 636 1186 in
673 1157 824 1187 catena
851 1145 894 1188 D
928 1149 1267 1200 prominebant,
1310 1151 1379 1203 qui
1408 1151 1454 1190 in

164 1224 315 1253 crenus
345 1212 709 1252 immittebantur.
784 1211 852 1252 Ita
883 1225 1000 1252 enim
1033 1222 1185 1252 catena
1211 1227 1347 1266 neque
1366 1213 1452 1253 sur-

161 1273 250 1314 sum
292 1288 430 1327 neque
469 1277 669 1315 deorsum
711 1275 947 1315 deflectam
987 1286 1169 1328 poterat
1216 1276 1288 1318 scd
1334 1277 1449 1319 arcte

162 1337 391 1375 claudebat
430 1338 648 1378 annulum.

294 1401 439 1439 Vnum
468 1413 648 1442 catenae
679 1412 929 1443 extremum
959 1415 978 1442 c
1008 1418 1124 1445 vnco
1161 1415 1396 1446 recuruato
1422 1404 1452 1446 d

164 1463 409 1505 instructum
433 1464 700 1504 inserebatur
723 1466 766 1503 in
796 1466 940 1504 annuli
965 1466 1238 1520 superficiem
1257 1495 1268 1517 ‚
1312 1480 1354 1508 et
1387 1468 1447 1508 al-

164 1536 306 1568 terum
348 1537 596 1568 extremum
627 1541 650 1568 e
678 1540 793 1567 vnco
821 1527 1004 1568 cochlea
1045 1532 1252 1583 praedito
1293 1532 1448 1574 adduci

162 1602 373 1645 poterat,
411 1593 481 1645 qui
520 1605 597 1645 per
627 1605 876 1633 extremum
909 1592 1104 1651 indiciss
1121 1606 1267 1636 totam
1297 1596 1447 1651 longi·

159 1657 358 1696 tudinem
391 1656 556 1696 linealis
585 1659 841 1711 occupantis
867 1658 1088 1700 transibat.

289 1720 427 1761 Index
456 1723 508 1778 ιὲ
544 1722 628 1774 dig.
663 1723 711 1762 ab
743 1720 942 1761 infcriori
966 1734 1202 1771 extremo,
1246 1724 1281 1765 C
1305 1723 1442 1765 linea-

161 1784 212 1825 lis
234 1783 269 1825 B
290 1783 411 1823 sutum
435 1784 639 1834 habebat,
683 1786 860 1826 mobilis
889 1797 982 1827 erat
1012 1789 1126 1828 circa
1153 1799 1281 1827 axem
1304 1799 1359 1839 g,
1397 1796 1445 1829 et

160 1846 262 1887 huic
288 1859 490 1888 extremo
509 1850 660 1891 indicis
678 1851 857 1891 insertus
877 1862 972 1891 erat
992 1864 1123 1892 vncus
1141 1862 1230 1899 e,vt
1254 1863 1341 1903 ope
1363 1864 1442 1892 co-

162 1911 314 1952 chleae
352 1914 477 1954 maris
505 1911 533 1952 h
568 1915 720 1956 adduci
756 1927 799 1954 et
841 1916 1010 1956 remitti
1048 1914 1190 1968 posset
1222 1915 1391 1956 deflexa
1418 1922 1444 1957 α’

159 1975 272 2015 linea
304 1977 443 2017 media
469 1976 486 2017 l
518 1991 596 2030 per
624 1978 760 2019 clastri
791 1979 815 2018 k
851 1978 1082 2031 impulsum
1119 1979 1308 2032 longior‘
1335 1991 1440 2032 ‘pars

161 2038 338 2086 indicis,
380 2053 483 2094 qnae
510 2042 634 2095 super
656 2041 726 2081 illa
758 2041 868 2082 linea
896 2041 912 2081 l
935 2042 1230 2083 conseruanda
1266 2053 1371 2083 erat.

291 2103 339 2144 ln
362 2116 542 2146 extem-1
562 2106 788 2161 superficie
824 2105 990 2147 linealis
1014 2106 1125 2147 linea
1153 2106 1273 2148 dueta
1293 2106 1438 2148 lindi-

161 2167 284 2208 cabat
306 2167 429 2210 situm
449 2170 600 2212 indicis
619 2171 691 2214 vel
719 2181 937 2212 mutatum
960 2172 1029 2213 vel
1045 2171 1334 2214 constantem.

751 2234 816 2278 Ff
845 2249 870 2275 2
1295 2230 1432 2287 §.43.
