1976 2605
497 160 550 195 16
609 146 696 194 DE
738 148 916 197 LOCIS
950 147 1205 196 SOLIDIS
1241 149 1331 195 AD
1369 149 1673 199 MENTEM

493 274 631 314 nior-is
650 272 766 312 libris
787 271 898 310 circa
926 270 1024 311 loca
1050 271 1184 312 solida
1213 271 1347 312 refert
1387 269 1540 325 Pappus
1574 273 1762 316 Alexam

492 336 693 376 drinusin
720 334 1053 398 colleetionibus
1084 335 1160 372 suis
1186 333 1533 386 mathematicis,
1574 339 1642 379 sed
1672 351 1762 392 quae

491 410 748 451 temporum
766 396 916 449 injuria
936 396 1175 448 perierunt.

609 495 838 535 Vocantur
857 503 1002 536 autem
1023 494 1168 547 figura:
1190 492 1271 533 illae
1290 493 1374 535 loca
1382 494 1646 546 geometrica,
1669 499 1762 551 quia

490 560 637 600 locum
658 559 868 607 indicant,
890 571 1017 611 quem
1039 559 1162 598 lineae
1182 559 1373 612 quaedam
1397 558 1644 609 variabiles,
1670 573 1762 601 cer-

492 635 581 663 tam
621 622 803 675 aliquam
837 623 950 663 inter
983 622 1022 662 se
1055 621 1322 663 relationem
1350 621 1499 676 ubique
1526 622 1758 675 servantes,

494 698 728 741 occupant.

606 789 731 829 Inter
750 788 1024 830 recentiores
1044 785 1217 839 infignis
1237 783 1308 826 ille
1319 785 1607 839 Philosophus
1626 785 1760 827 Rem-

488 859 555 893 tus
580 850 844 895 Des-cartes
877 853 1120 892 doetrinam
1147 850 1352 890 locorum
1379 853 1759 904 geometricorum

487 918 681 970 primus,
730 916 846 968 quod
880 916 1007 955 sciam
1029 943 1038 965 ,
1061 962 1063 965 ι
1086 915 1323 966 algebraice
1361 916 1555 954 excoluit
1576 942 1587 964 7
1634 926 1759 968 atque

488 980 694 1020 methodi
728 979 805 1020 sure
841 979 1121 1032 magnificum
1158 977 1378 1030 specimen
1420 978 1555 1017 edidit
1583 978 1672 1018 Lib.
1702 980 1758 1020 II.

486 1043 787 1092 Geometriae,
829 1043 898 1082 ubi
918 1054 1116 1084 veterum
1139 1041 1369 1094 problema
1389 1042 1441 1081 de
1459 1042 1564 1082 loco
1589 1042 1639 1081 ad
1658 1055 1758 1096 qua-

487 1118 589 1148 tuor
615 1106 748 1147 line-as
781 1106 1002 1158 positione
1032 1107 1173 1155 datas,
1216 1106 1332 1159 quod
1361 1116 1563 1146 narrante
1587 1107 1755 1159 Pappo,

484 1172 703 1211 veteribus
720 1170 957 1211 insolutum
978 1171 1213 1219 manserat,
1258 1169 1492 1210 felicissime
1511 1170 1755 1222 expedivit,

485 1245 529 1274 et
560 1234 770 1274 sectiones
791 1235 965 1270 conicas
991 1246 1060 1271 aut
1090 1234 1261 1271 subinde
1292 1235 1425 1273 etiam
1452 1233 1656 1272 circulum
1688 1243 1758 1274 aut

485 1298 646 1338 lineam
671 1297 857 1339 rectam,
899 1305 982 1342 pro
1005 1292 1421 1330 circumstantiarum
1449 1297 1662 1331 varietate
1691 1295 1759 1331 lo—

487 1371 541 1397 co
571 1355 748 1409 quaefito
776 1353 1010 1404 assignavit.
1081 1351 1164 1391 Sed
1190 1351 1473 1390 assertionum
1498 1353 1663 1391 suarum
1686 1354 1760 1392 de-

486 1419 828 1462 monstrationes
857 1415 945 1454 fere
971 1415 1122 1466 ubique
1151 1413 1358 1461 reticuit,
1401 1412 1511 1452 adeo
1545 1425 1591 1454 ut
1619 1412 1757 1454 Flori-

489 1483 651 1524 mundus
677 1493 703 1520 a
728 1481 903 1527 Beaune,
948 1488 991 1517 et
1008 1475 1048 1518 F
1048 1473 1242 1530 rancinus
1263 1489 1288 1515 a
1307 1473 1504 1515 schooten
1523 1478 1565 1516 in
1587 1477 1695 1516 hanc
1715 1488 1758 1518 et

487 1549 587 1587 alias
613 1544 885 1588 Geometriae
909 1540 1170 1584 Cartefianae
1201 1549 1369 1592 partes,
1413 1549 1539 1580 notas
1570 1551 1612 1581 et
1633 1553 1756 1581 com-

486 1611 728 1651 mentarios
763 1606 1037 1647 conscribere
1074 1603 1286 1644 necess‘um
1322 1602 1563 1653 haberent,
1613 1604 1757 1657 quibus

487 1677 650 1714 aditum
686 1675 729 1713 in
758 1671 866 1711 hanc
891 1673 1187 1723 geometriam
1222 1667 1469 1720 planiorem
1503 1668 1752 1726 redderent.

482 1738 679 1779 Beczunius
704 1736 876 1788 quidem
907 1733 1049 1785 paucis
1075 1734 1114 1773 &
1139 1731 1335 1772 brevibus
1366 1731 1483 1771 notis
1519 1743 1612 1770 rem
1642 1731 1755 1771 suam

488 1802 658 1854 peregit
687 1815 700 1849 ·,
768 1797 1026 1839 Schootenius
1069 1808 1198 1837 vero·
1226 1808 1274 1835 ea
1316 1807 1405 1848 quae
1456 1795 1757 1846 pertractanda

486 1864 628 1904 sumfit
667 1862 787 1901 fusius
824 1861 1068 1914 persecutus
1107 1859 1186 1908 est,
1229 1859 1526 1911 percurrendo
1568 1858 1756 1910 singulos

487 1927 599 1968 casus
616 1926 765 1979 quibus
788 1926 927 1964 modo
950 1923 1059 1963 hanc
1082 1924 1218 1963 modo
1235 1922 1354 1962 illam
1373 1921 1608 1961 sestionem
1630 1923 1750 1961 coni-

487 2003 582 2032 cam
608 2017 618 2038 ,
667 1989 871 2028 circulum
906 1986 976 2027 vel
1003 1987 1137 2026 etiam
1163 1985 1321 2025 lineam
1347 1985 1508 2025 rec‘tam
1538 1985 1580 2023 in
1605 1984 1753 2025 locum

487 2052 709 2108 quaesitum
736 2052 853 2091 abire
881 2050 1096 2092 Cartefius
1123 2048 1344 2099 edixerat,
1385 2047 1572 2090 adduc‘tis
1601 2049 1753 2102 ubique

488 2115 931 2160 demonstrationibus
953 2112 1190 2166 analyticis.

1669 2172 1752 2217 Sed
