1976 2605
531 178 623 234 DE
659 183 943 239 VARAGIS
1301 203 1324 231 2
1331 202 1397 244 97

122 311 412 365 inCelticiS,(1
426 313 474 364 0)
497 308 633 364 Vargi
654 308 830 351 latrones
840 306 1047 351 Aruernis
1065 305 1174 362 apud
1181 303 1399 359 SidonIum,

121 380 221 422 idem
255 377 347 420 olim
389 375 499 432 apud
521 371 772 417 Germanos:
813 374 984 428 piratae
1017 369 1243 413 Normanni
1277 373 1399 413 etiam

119 441 263 499 Russts
281 441 378 484 dieti
385 437 477 496 sunt
502 437 548 483 V
544 440 715 494 araegii.
782 437 835 480 In
853 436 936 491 lege
952 433 1114 485 Sama,
1159 435 1204 478 V
1202 448 1328 489 argus
1347 437 1398 491 est

119 509 338 559 extorris,
376 503 553 556 eiec‘lus,
592 506 661 560 qui
678 501 793 544 hodie
815 500 1018 542 bannitus.
1092 497 1253 541 Ver-md
1275 498 1395 540 Cam-

119 570 207 613 bris
233 573 352 615 etiam
370 571 423 626 est
440 570 547 614 latro
564 567 680 625 apud*
690 564 973 610 Cambdenum.
1041 564 1136 606 Lex
1163 563 1396 614 Salicn:(1)

117 634 169 678 Si
195 638 285 692 quis
313 643 455 691 corpus
483 635 560 676 iam
576 628 777 690 sepultum
801 628 987 688 effoderit
1010 657 1021 680 ‚
1059 635 1132 670 aut
1151 623 1395 684 exspolium-

117 701 181 741 rit
206 728 218 752 ,
267 713 432 754 wargus
459 697 516 750 fit
536 726 548 750 ‚
597 696 666 739 hoc
693 698 773 752 est,
815 691 1000 753 expulsus
1038 692 1085 734 de
1119 692 1246 734 eodem
1278 699 1397 747 pago.

119 763 188 808 Sic
222 767 355 807 etiam
382 766 428 807 in
454 763 677 820 Ripuariis
703 761 868 816 legibus
897 759 1155 811 Baluzii.(2)

233 893 304 936 Ne
330 893 420 948 quis
457 892 544 934 hoc
579 891 686 934 loco
716 889 892 933 summis
935 888 1042 931 viris
1069 885 1395 943 turpitudinem

117 959 310 999 nominis
357 957 552 997 obiiciat.
620 956 726 995 Suus
761 957 914 1005 cuique
951 952 1126 1004 populo
1172 964 1270 991 mos
1304 950 1396 992 fuit:

112 1022 290 1062 vetustis
360 1019 636 1060 scandinauis
689 1026 738 1057 vt
790 1015 992 1069 praedari
1051 1014 1218 1055 honori
1263 1013 1395 1064 esset,

111 1083 308 1133 Graecis,
331 1094 377 1124 vt
399 1093 441 1123 et
459 1078 937 1123 latrocinari-Honesta
950 1078 1059 1119 haec
1072 1079 1256 1117 nomina
1276 1076 1397 1118 fuere

114 1158 158 1188 et
184 1149 356 1201 gloriae
384 1147 525 1200 plena.
595 1145 679 1187 Sed
701 1144 798 1199 quia
821 1142 908 1183 hoc
933 1142 1058 1183 nimis
1081 1141 1139 1182 est
1165 1141 1394 1195 antiquum

114 1221 159 1251 et
188 1210 568 1265 septemtrionalia
608 1217 902 1250 monumenta
938 1220 960 1248 a
990 1207 1257 1260 reliquarum
1284 1217 1394 1258 gen·

115 1275 223 1314 tium
261 1274 439 1314 cruditis
494 1286 583 1314 non
620 1275 678 1314 ita
715 1283 762 1314 vt
814 1273 972 1312 merita
1002 1272 1112 1321 sunt,
1138 1272 1396 1320 trust-antur,

116 1339 251 1379 visum
294 1337 350 1377 est
390 1337 512 1378 nobis
548 1351 644 1379 rem
685 1338 803 1378 illam
843 1335 990 1389 paullo
1029 1337 1210 1388 amplius
1249 1333 1394 1388 expli-

117 1402 297 1442 candam
334 1400 416 1440 esse
439 1428 450 1450 ‚
503 1401 785 1456 praesertim,
823 1401 942 1454 quod
974 1400 1044 1440 vel
1074 1399 1127 1440 sic
1158 1411 1236 1453 per
1271 1399 1311 1440 se
1342 1398 1394 1440 ad

116 1466 340 1507 historiam
355 1465 696 1508 Ruthenicarum
719 1466 1049 1517 prouinciarum
1072 1463 1394 1517 pertinet.Pri-

119 1543 238 1571 mum
261 1531 454 1570 omnium
476 1529 569 1570 satis
588 1529 756 1570 constat
775 1556 786 1579 ,
807 1541 905 1569 cum
929 1527 1258 1570 Scandinauiam
1291 1539 1391 1567 om-

116 1607 217 1635 nem
239 1621 250 1642 ,
292 1605 384 1634 tum
409 1593 596 1635 Daniam
623 1621 634 1644 ,
656 1593 792 1634 multa
813 1594 987 1634 minora
1021 1595 1064 1634 in
1086 1605 1220 1647 regna
1249 1590 1395 1645 priscis

118 1658 390 1710 temporibus
420 1659 592 1699 diuisam
625 1658 755 1698 fuiss'c.
791 1658 842 1699 In
881 1658 1101 1709 Noruagis
1125 1658 1287 1709 primus
1307 1657 1393 1696 Ha-

117 1722 256 1763 r.1ldus
285 1721 602 1763 Pulchricomus
623 1750 634 1772 ‚
673 1723 833 1762 ceteris
859 1721 1016 1776 regulis
1045 1720 1250 1768 ἀευίἂίς,
1295 1717 1391 1772 post

120 1787 332 1840 praelium
353 1785 728 1828 Hafursfiordense
765 1789 820 1828 A.
860 1786 912 1829 C.
956 1789 1067 1837 875.
1109 1782 1393 1825 monarchiae

115 1852 268 1891 statum
297 1850 347 1890 ad
378 1851 572 1903 posteros
594 1852 802 1893 stabiliuit.
844 1851 961 1893 Visti
986 1850 1095 1899 sunt,
1118 1848 1389 1891 Orcadalen-

116 1915 165 1955 sis
203 1927 279 1955 rex
306 1927 435 1965 mus,
473 1916 796 1957 Trundhemiac
819 1928 943 1970 reges
965 1925 1179 1969 quatuor,
1225 1911 1389 1956 Golar-

119 1978 266 2019 denses
295 1979 406 2029 duo,
448 1981 725 2023 Raumdaliac
755 1981 944 2021 borealis
974 1980 1061 2020 duo
1101 1989 1145 2020 ct
1183 1979 1394 2031 deinceps

121 2044 188 2083 nlzi
214 2059 221 2084 :
247 2055 298 2083 na
318 2055 345 2082 n
378 2045 557 2086 nomina
605 2045 859 2099 regulorum
898 2046 1099 2086 omnium
1120 2042 1390 2085 recensendo

184 2114 298 2157 Tom.
339 2115 424 2159 IV.
775 2121 817 2164 Y
838 2135 866 2175 y
1315 2117 1393 2160 de-

256 2264 309 2303 (1)
331 2274 350 2295 t·
375 2273 420 2303 57-
445 2268 467 2304 9·
491 2274 519 2306 5·
563 2267 627 2309 (²)
657 2269 704 2298 tit·
727 2270 772 2307 85·
801 2273 832 2298 2·
