1976 2605
477 187 765 239 VENERIS
799 186 1075 238 CNIDIAE
1324 206 1414 254 265

140 319 238 365 luit.
303 315 424 372 Ergo
447 328 545 359 cum
570 315 809 370 Lysippum
831 326 979 357 aetate
1009 325 1052 356 et
1073 315 1255 370 ingenio
1280 318 1419 359 maxi·

142 398 213 427 me
234 382 473 424 florentem
496 409 507 431 ‚
539 380 800 423 Alexandro
839 391 929 422 tum
957 381 1182 434 superstite
1211 394 1302 423 tum
1329 384 1421 424 vita

142 449 368 498 defuneto,
393 446 523 501 prodi
545 447 789 498 reperimus
810 473 822 495 ‚
863 446 1055 485 ineamus
1076 447 1201 486 aliam
1223 449 1367 498 vium,
1394 447 1422 489 fi

140 527 220 569 qua
261 513 526 557 Callistratus
562 505 816 564 Εκφᾶαςὴς
843 521 885 548 et
925 509 1194 551 Callistratus
1243 525 1418 563 orator,

140 590 249 620 vnus
273 590 315 618 ct
347 578 462 618 idem
489 586 580 617 tum
613 580 755 615 multo
779 586 879 612 ante
911 573 1264 615 Demosthe-nm
1289 577 1330 616 in
1351 577 1418 616 so-

139 656 193 684 ro
222 654 428 696 regnare,
465 650 556 682 tum
587 641 683 693 post
711 637 1027 692 Olympiadem
1060 638 1225 681 CXIV.
1265 640 1419 681 statuas

138 707 366 750 Praxitelis
392 716 435 746 et
469 703 646 758 Lysippi
685 705 1003 744 commendare
1044 705 1260 756 potuerit.
1329 706 1420 748 Re-

137 783 347 813 uocemus
373 783 468 811 eum
493 769 721 824 plebiscito
751 769 932 809 domum
958 782 978 808 e
1004 768 1219 811 Thracia:
1259 769 1418 823 largia-

137 848 235 877 mur
267 837 412 877 eidem
435 847 572 875 annos
597 835 739 884 vitae,
781 845 989 886 quantum
1018 834 1061 873 in
1100 834 1295 875 hominis
1344 847 1419 875 na-

138 887 460 954 turamcadit?
494 901 689 940 nondum
718 899 836 953 quod
859 899 981 952 cupit
1028 898 1226 940 Olearius
1264 899 1420 940 conse-

133 965 288 1020 quitur.
358 964 472 1006 Nam
496 963 786 1011 Callistratus,
828 965 898 1014 qui
921 962 1112 1003 Athenis
1135 965 1319 1004 tantuin
1345 965 1420 1005 ad·

135 1029 378 1069 miratione
402 1026 583 1079 suit,qui
608 1037 695 1066 tam
722 1027 908 1066 multum
932 1028 1080 1079 potuit
1103 1027 1146 1066 in
1168 1028 1416 1081 republica,

134 1103 236 1133 ante
265 1091 576 1144 Olympiadem
599 1090 693 1132 (311.
724 1101 814 1128 non
846 1089 942 1126 sane
982 1089 1221 1129 admodum
1264 1093 1416 1132 minor

132 1158 252 1196 annis
274 1154 558 1207 quadraginta
584 1152 662 1192 fuit
685 1180 713 1201 ,>
735 1153 794 1192 ita
818 1151 1030 1202 difficile,
1081 1163 1124 1194 et
1155 1163 1245 1194 tam
1288 1155 1418 1197 multi

131 1219 224 1259 vsus
246 1246 257 1268 ,
298 1218 537 1270 temporis,
575 1217 736 1259 laboris
755 1229 822 1258 res
847 1217 924 1258 fuit
954 1217 1170 1268 Athenis,
1200 1219 1316 1260 inter
1341 1220 1417 1259 de-

135 1293 352 1337 magogos
388 1282 685 1334 principatum
732 1293 902 1323 tenere.
973 1282 1120 1324 Fuerit
1175 1284 1307 1336 igitur
1364 1284 1418 1326 ad

133 1344 450 1399 Olympiadem
482 1346 645 1388 CXIV.
678 1347 922 1399 nonaginta
958 1345 1049 1387 sere
1097 1361 1237 1388 annos
1278 1359 1415 1402 natus,

136 1423 234 1450 cum
255 1409 485 1464 Lysippum
509 1410 718 1451 laudaret.
787 1411 883 1453 Nec
907 1421 1056 1452 tamen
1085 1413 1319 1468 quidquam
1352 1414 1413 1456 se·

139 1475 225 1516 nile
256 1475 336 1515 istis
355 1476 396 1514 in
433 1473 575 1514 statui>
596 1474 833 1517 callistrati
864 1475 1234 1528 deprehenditur,
1278 1490 1413 1519 econ-

138 1541 278 1582 trario
299 1540 446 1580 aetatis
461 1538 656 1579 iuuenilis
676 1540 895 1589 viriditas,
929 1539 1012 1580 flos
1033 1541 1119 1595 ipse
1141 1554 1268 1597 atque
1289 1542 1412 1585 luxu-

137 1605 214 1645 ria.
279 1604 502 1645 Postremo
532 1605 791 1658 cognoscite
821 1617 993 1645 mecum
1032 1607 1146 1660 apud
1191 1607 1410 1651 Aristote-

138 1667 226 1708 lem
269 1668 557 1724 fragmentum
596 1671 815 1710 orationis
856 1669 1178 1721 Messeni-aeae,
1219 1674 1261 1712 in
1322 1686 1410 1726 quo

139 1732 400 1776 Callistratus
419 1735 594 1776 Atticae
619 1734 1107 1789 eloquentiaelacertos
1123 1746 1293 1786 mouet,
1309 1750 1408 1777 cum

138 1797 217 1838 hac
250 1798 402 1839 statuae
433 1812 518 1839 non
549 1811 780 1841 oratorem
812 1801 953 1840 Attici
993 1799 1076 1840 nafi
1103 1802 1297 1854 sapiunt,
1339 1802 1408 1843 sed

138 1862 366 1916 sophistam
404 1863 659 1906 inferiorum
699 1876 958 1918 temporum
1010 1876 1053 1906 et
1100 1878 1243 1920 paene
1300 1866 1408 1908 infra

137 1927 324 1968 classem.
393 1929 493 1971 Non
521 1931 777 1971 mirabimur
799 1930 965 1981 adhuc,
1004 1929 1116 1970 hunc
1139 1931 1405 1984 scriptorem

135 1991 426 2034 Demostheni
461 1995 665 2036 summam
703 1996 744 2036 in
773 1995 1052 2049 eloquentiae
1087 1996 1211 2036 laude
1241 2009 1405 2037 conce·

137 2058 261 2105 dere,
285 2070 418 2111 neque
438 2059 546 2100 hunc
567 2059 712 2100 locum
737 2072 1109 2112 expungcm115‚vt
1124 2061 1322 2102 Olearius
1343 2061 1405 2103 se·

135 2123 194 2161 cit
211 2150 219 2169 ⁷
238 2123 305 2162 sed
327 2124 469 2175 potius
491 2120 1161 2177 huncEr-CDeugfivDemosthene
1177 2127 1404 2167 minorem

135 2186 271 2235 fuisse,
311 2187 379 2227 vel
416 2201 472 2231 ex
518 2188 737 2233 hocloco
781 2191 1103 2244 redarguemus.
1172 2191 1404 2233 Praeterea

134 2247 248 2293 Tom.
269 2250 354 2293 IV.
745 2253 772 2298 S
795 2267 812 2295 s
1347 2255 1400 2295 de
