1976 2605
525 102 614 148 DE
651 102 1081 152 VENTRICULO.
1346 128 1362 153 ι
1379 117 1440 166 89

162 229 276 273 nudo
299 226 430 269 oculo
460 225 688 267 obseruare
719 224 827 266 mihi
856 226 962 268 visus
990 225 1096 268 sum.
1164 227 1214 271 Id
1243 240 1339 269 cum
1374 231 1448 271 ad-

157 294 342 336 mirabili
380 291 584 332 fibrarum
621 301 841 331 contextu
890 292 932 331 iri
968 286 1089 332 foliis
1125 304 1168 334 et
1209 294 1450 335 corticibus

156 358 440 412 quarumdam
479 355 725 409 plantarum
763 355 1036 408 conspicuo,
1082 358 1153 399 vel
1193 369 1292 398 cum
1330 358 1448 400 dorfi

157 435 305 464 manus
331 418 505 461 lineolis
539 418 628 460 sere
658 417 905 473 analogiam
934 418 1077 459 habet.

225 501 265 527 2.
306 487 354 528 ln
389 484 558 527 quenis
589 483 670 524 viri
700 482 928 523 stomacho
951 510 962 531 ‚
1011 494 1099 535 ope
1140 484 1444 540 microscopii,

155 553 357 605 quamam
390 549 588 590 similium
618 546 871 588 cellularum
901 559 1021 588 areas
1051 547 1305 598 obseruaui,
1368 564 1447 592 nec

158 628 248 656 non
271 618 309 656 in
332 614 494 656 duobus
522 613 638 662 aliis»,
679 612 721 653 in
745 611 891 666 quibus
922 624 1077 665 magna
1109 614 1342 653 venti-iculi
1381 615 1445 654 ui-

154 679 310 721 stenl'io
339 678 572 732 conspicua
597 687 706 717 erat.
786 676 837 718 ln
865 675 957 717 :iliis
986 687 1136 718 tamen
1165 677 1447 721 cadaueribus

153 745 270 784 idem
300 742 501 784 successus
535 741 686 783 defuit.

220 823 261 860 3.
295 808 363 850 Nc
393 819 536 848 autem
561 805 723 847 caussae
747 803 872 846 alicui
897 804 1290 859 praeternaturali,
1327 805 1446 849 forte

150 884 329 913 veneno
368 872 438 913 vel
468 871 780 924 imaginationi
806 869 945 910 hocce
979 869 1329 925 phaenomcnon
1362 873 1443 912 tri-

152 937 331 987 buatur,
375 936 737 990 perpendendum
760 935 817 977 est
838 934 1024 977 similem
1049 948 1130 975 nos
1159 936 1371 976 detexisse
1400 948 1446 976 in

154 1001 383 1042 stomacho
417 998 632 1054 Elephanti
661 1010 884 1041 texturam
907 1026 919 1049 ‚
977 999 1048 1040 sed
1087 999 1220 1053 longe
1256 1000 1443 1053 conspe·

153 1066 337 1105 (liorem
359 1065 786 1117 euidentioremque‚
802 1063 925 1116 super
951 1073 1095 1104 totam
1120 1064 1355 1104 ventriculi
1382 1065 1444 1104 su-

152 1127 378 1181 perficiem
401 1126 1026 1181 extensam,qiiem·.idmodum
1050 1129 1168 1169 inter
1189 1127 1439 1170 liuiiisAni-

154 1192 275 1232 malis
305 1204 561 1244 praeparata
589 1194 677 1234 No.
707 1197 780 1232 16.
806 1193 846 1231 in
874 1192 1123 1232 Ventriculi
1153 1192 1442 1245 Elephantini

154 1257 440 1294 extremitate
469 1254 625 1295 dextra
645 1280 657 1303 ,
718 1256 763 1294 in
793 1255 973 1295 Musaeo
1006 1255 1234 1308 Imperi-ali
1264 1256 1305 1296 id
1332 1269 1440 1298 con·

153 1318 316 1370 spicere
345 1317 482 1356 datur.

229 1376 265 1424 §.
285 1402 329 1438 4.
369 1381 497 1422 Huius
520 1380 662 1431 itaque
686 1379 968 1419 admirandae
999 1390 1205 1421 texturae
1239 1380 1364 1422 facies
1395 1384 1438 1426 in

151 1446 294 1486 citatis
312 1444 527 1497 exemplis
551 1443 600 1482 sic
622 1442 867 1484 luculenter
889 1443 1012 1483 nobis
1035 1444 1179 1484 oblata
1202 1446 1271 1486 est.
1311 1446 1437 1489 Con-

148 1511 289 1563 geries
312 1518 404 1550 erat
425 1506 814 1557 subtilissimorum,
856 1506 986 1548 instar
1015 1508 1128 1549 telae
1159 1522 1434 1562 aranearum,

149 1574 279 1615 visum
300 1585 411 1627 pene
432 1571 732 1627 effugientium
755 1570 1104 1617 filamentorum,
1123 1575 1252 1614 niueo
1278 1575 1436 1616 colore

147 1638 489 1690 splendentium,
513 1649 559 1678 ac
587 1638 773 1690 denique
797 1637 899 1676 retis
926 1637 967 1676 in
990 1640 1172 1677 modum
1195 1638 1298 1679 fiic'ta
1322 1640 1435 1678 inui-

151 1713 245 1741 cem
267 1702 568 1753 implicatione
588 1703 796 1742 summam
814 1702 1012 1741 ciuitati>
1035 1703 1193 1741 ventri‹
1211 1701 1266 1741 uli
1286 1703 1433 1755 super-

150 1763 294 1805 ficiem
315 1766 594 1808 lambentium
651 1766 791 1815 Hisce,
813 1764 1176 1820 frequentissimae
1199 1768 1432 1807 interiace-

149 1829 251 1870 bant
274 1830 578 1883 angustissimae
599 1831 1043 1885 interczipcdiiies‚l'cu
1067 1830 1226 1870 :ilnioli
1247 1844 1316 1870 :iiit
1339 1831 1432 1884 spa·

151 1894 258 1933 tiola
282 1893 570 1946 profundit-ire
592 1898 640 1935 :id
660 1895 788 1935 visum
805 1898 1013 1944 carentia,
1029 1911 1041 1928 r
1057 1897 1142 1935 inei
1157 1896 1220 1935 isli
1243 1896 1362 1936 coloi
1379 1898 1426 1948 is,

148 1960 294 2010 quibus
335 1959 426 2002 Cel.
465 1957 661 2014 leyyilr.
707 1973 870 2000 nomen
910 1961 1290 2000 iiitercaneuinum
1327 1974 1428 2012 uua-

148 2023 464 2075 drangularium
495 2024 679 2066 affinxit.
755 2024 861 2064 Mihi·
898 2036 1053 2064 omnes
1077 2024 1187 2065 haud
1213 2024 1427 2077 quadran-

145 2090 312 2139 gulares
346 2101 588 2144 apparuere
612 2117 625 2143 ‚
680 2101 829 2131 verum
887 2088 1145 2144 irregulares
1188 2089 1423 2145 plurimae,

480 2150 485 2154 ’
729 2156 794 2196 Aa
836 2168 860 2206 3
1293 2167 1423 2207 quae-
