1976 2605
570 170 665 212 214
737 148 1287 202 ANAMORPHOSEOS
1321 149 1758 203 POLTEDRICAE

756 277 874 319 Dico
897 276 983 315 hoc
1009 274 1146 314 modo
1171 272 1253 313 rite
1278 272 1568 315 deformatam
1601 277 1697 317 fore
1729 278 1834 318 ima·

691 342 838 392 gii-iem
869 340 911 379 in
941 338 1082 379 tabula
1111 347 1153 379 et
1176 337 1340 379 restitui
1362 351 1441 392 per
1458 338 1724 393 'polyedrum
1747 344 1835 382 eius

692 403 895 443 sormam.

633 481 672 519 ς.
712 468 906 508 Tandem
938 467 981 506 in
1013 466 1154 507 tabula
1185 466 1525 516 decorationes,
1569 468 1629 508 ita
1659 478 1706 508 vt
1736 481 1832 509 cum

692 532 941 572 deformata
966 532 1155 586 imagine
1178 531 1445 580 coalescant,
1484 530 1601 571 illam
1624 531 1734 585 quasi
1763 533 1833 573 ab·

689 597 908 645 sorbeant,
933 595 1058 635 aliam
1082 595 1263 648 figuram
1287 596 1517 636 metiendo
1541 606 1582 635 et
1609 606 1709 637 ante
1734 608 1834 637 ocu-

692 660 759 701 los
783 660 994 714 ponendo
1019 660 1170 710 nudos,
1195 671 1318 712 quam
1343 672 1420 712 per
1442 660 1705 712 polyedrum
1728 673 1833 701 con·

692 725 910 779 templ-ita
947 725 1113 778 prodit.
1191 724 1355 766 Caueat
1395 734 1543 764 tumen
1585 723 1742 764 artifex
1781 737 1833 765 ne

691 789 849 843 aliquid
885 791 937 829 de
980 789 1341 829 exornationibus
1371 788 1539 828 areoias
1565 785 1835 839 consignatas

691 864 733 894 et
756 853 964 893 limitibus
987 852 1329 905 circumscriptas
1350 853 1508 902 intret,
1539 852 1608 891 sed
1632 861 1834 893 maneant

691 916 790 954 illae
815 918 855 954 iu
880 917 1118 956 interstitiis
1140 918 1397 955 areolarum.
1466 916 1522 955 Et
1553 915 1580 954 fi
1603 916 1834 967 contingat

689 990 737 1018 vt
761 978 897 1031 aliqua
928 980 1173 1018 areolarum
1199 978 1247 1016 :ib
1270 979 1458 1029 imagine
1481 990 1612 1016 vacua
1636 991 1831 1018 remane-

692 1052 755 1090 nt,
795 1042 892 1079 huic
924 1055 975 1079 ne
1009 1042 1165 1093 aliquid
1197 1042 1248 1079 de
1281 1042 1551 1081 ornamentis
1584 1041 1835 1083 inscribatur

691 1104 838 1144 sedulo
869 1102 1084 1155 inuigilet.

694 1224 729 1271 §.
775 1244 850 1281 34.
924 1226 965 1269 Si
988 1228 1247 1281 polyedrum
1271 1228 1562 1267 acuminatum
1587 1225 1661 1275 est,
1705 1226 1834 1277 spati-

565 1307 636 1336 um
675 1294 850 1346 aliquod
889 1304 1071 1332 vacuum
1108 1292 1151 1330 in
1191 1292 1339 1330 medio
1379 1289 1545 1329 tabulae
1576 1289 1834 1339 remanebit,

568 1358 838 1412 dispositioni
872 1356 1063 1408 magistri
1101 1355 1203 1393 artis
1231 1354 1452 1401 relietum,
1495 1352 1689 1405 quicquid
1720 1355 1838 1393 enim

564 1426 607 1464 iu
639 1434 693 1460 eo
728 1423 945 1473 pingitur,
986 1417 1090 1457 visui
1116 1429 1196 1468 per
1223 1416 1487 1468 polyeclrum
1518 1414 1557 1455 se
1585 1415 1772 1458 subducit
1795 1425 1837 1458 et

566 1487 769 1539 disparet.

668 1548 712 1589 Si
733 1559 839 1588 vero
863 1553 1061 1585 centrum
1086 1540 1290 1595 polyedri
1315 1551 1500 1594 occupat
1520 1541 1714 1594 planum,
1736 1552 1837 1584 tunc

507 1599 514 1603 ⁵
569 1623 611 1653 et
646 1613 820 1665 planum
852 1609 956 1650 illud
985 1605 1177 1647 centrale
1206 1606 1248 1645 in
1281 1604 1421 1645 tabula
1450 1605 1642 1645 areolam
1684 1605 1834 1656 efficit,

567 1689 674 1730 quae
706 1688 782 1727 per
813 1673 1074 1727 polyedrum
1105 1671 1147 1711 in
1180 1669 1328 1710 oculos
1350 1670 1554 1717 incurrit,
1597 1678 1640 1708 et
1663 1678 1838 1720 praeter

569 1739 800 1781 interstitia
831 1736 1075 1779 areolarum
1107 1733 1211 1774 nihil
1231 1732 1474 1774 remanebit
1497 1733 1837 1785 inconspicuum.

570 1806 759 1848 Caetera
789 1803 879 1843 vsus
908 1811 1033 1854 atque
1055 1798 1200 1852 praxis
1223 1797 1411 1837 docebit.

700 1863 735 1911 §.
780 1879 856 1918 35.
925 1864 1121 1905 Tandem
1142 1861 1379 1902 sciendum:
1418 1859 1579 1900 vitrum
1610 1858 1837 1912 polyedri-

570 1945 667 1972 cum
692 1930 964 1985 depreffioris
983 1928 1151 1968 formae
1172 1926 1423 1966 inidoneum
1447 1923 1528 1963 effe
1548 1924 1599 1964 ad
1619 1923 1838 1963 deforma·

571 1997 743 2036 tionem
768 2024 779 2046 ,
829 1995 924 2048 quio.
954 1992 1209 2047 longiorem
1239 1989 1419 2042 requirit
1450 1987 1691 2028 distantiam
1722 1988 1837 2026 inter

571 2061 734 2100 vitrum
768 2070 810 2099 et
842 2057 1054 2106 tabulam,
1096 2054 1391 2109 propinquior
1420 2053 1534 2092 enim
1566 2049 1737 2092 areolas
1767 2058 1837 2088 aut

573 2122 801 2165 confundit
821 2132 890 2163 aut
911 2122 1138 2164 interstitia
1159 2117 1396 2162 admodum
1418 2115 1588 2171 angusta
1607 2113 1840 2215 prodiiciss

1757 2188 1836 2216 011-
