1976 2605
204 178 486 228 METALL.
507 174 726 240 ATQUE
766 174 1023 223 VITROR.
1046 174 1355 224 MOMENT.
1391 200 1479 228 221

192 305 397 359 spicitur,
422 315 458 342 e.
481 314 519 355 g.
545 298 720 340 frustum
740 298 849 352 ligni
872 297 1092 341 foramine
1118 301 1339 354 pertusum
1359 330 1370 352 ,
1393 314 1485 345 tum

194 381 219 408 a
240 367 353 408 sicco
376 378 477 408 aere
501 364 1041 413 contrahitur,externum
1065 365 1277 406 ambitum
1302 378 1485 408 contra-

193 434 383 474 Ctiorem
407 443 450 472 et
470 430 708 470 cauit-atem
730 427 1002 480 ampliorem
1034 430 1222 482 accipit·‚
1258 430 1308 471 ab
1344 430 1485 474 humi-

193 497 253 537 do
277 509 385 538 vero
408 506 509 538 aere
531 493 785 541 dilatatum,
827 494 1058 532 contrario
1083 494 1222 533 modo
1257 496 1296 534 se
1319 508 1385 535 res
1409 495 1483 537 ha-

192 562 284 610 bet,
328 557 577 602 intumescit
608 558 728 597 enim
758 555 928 610 lignum
959 555 1009 596 ab
1037 566 1164 597 extra
1194 568 1238 596 et
1278 557 1484 602 foramen

194 627 328 667 etiam
364 624 622 666 coarctatur.

323 685 360 733 ὁ.
402 701 477 739 25.
548 687 758 727 Videmus
779 685 867 726 hoc
889 684 916 725 si
940 698 1019 739 per
1050 684 1253 726 foramen
1277 685 1384 740 ligni
1409 687 1485 728 ali-

192 757 325 802 cuius,
347 755 480 795 etiam
501 751 706 800 durioris,
728 752 896 793 vitreus
926 750 998 791 vel
1020 752 1264 792 metallicus
1287 752 1488 794 embolus

190 819 262 860 vel
285 818 518 871 Cylindrus
539 816 783 858 intrudatur
814 815 994 856 exicato
1017 814 1139 868 ligno
1173 817 1363 866 excidit,
1405 817 1484 857 hu-

191 884 385 924 mec‘tato
417 884 570 924 arc'tius
591 882 753 922 iterum
777 891 967 921 tenetur.
1037 879 1161 921 Idem
1193 882 1236 921 in
1262 882 1485 933 operculis

187 947 445 998 metallicis,
467 947 617 1003 quibus
637 946 854 987 eburneae
873 943 1071 1000 capsulae
1091 945 1371 998 clauduntur,
1402 946 1483 988 ob-

193 1012 426 1054 seruamuS.

322 1071 358 1120 §.
404 1080 479 1118 26.
546 1075 723 1119 Deinde
745 1074 943 1117 calorem
967 1074 1080 1116 hunc
1111 1073 1320 1115 sementis
1351 1087 1484 1128 aquae

188 1140 524 1182 insufficientem
559 1143 748 1180 iudicare
777 1142 865 1193 quis
907 1139 1050 1193 posset
1086 1140 1136 1179 ad
1171 1139 1482 1180 dilatationem

188 1204 435 1257 phialarum
460 1206 655 1246 maxime
679 1205 1013 1246 metallicamm.
1085 1202 1131 1246 Si
1156 1205 1272 1244 enim
1297 1203 1483 1244 cochlea

186 1270 399 1320 quaedam
427 1268 567 1308 ferrea
586 1281 699 1319 mas,
723 1281 807 1308 vna
835 1281 931 1307 cum
954 1268 1174 1317 foemina,
1205 1270 1247 1308 in
1269 1281 1373 1321 aqua
1395 1267 1480 1308 fer-

187 1340 324 1369 uente
342 1332 545 1382 coquitur
576 1332 703 1370 etita
723 1329 887 1379 calefit,
926 1341 973 1370 vt
1009 1331 1098 1371 eius
1137 1332 1297 1373 tacstum
1330 1344 1481 1372 manus

190 1392 304 1433 serre
334 1405 541 1445 nequeat,
585 1405 684 1433 tunc
711 1393 848 1434 adhuc
874 1407 962 1434 mas
991 1406 1070 1447 per
1093 1393 1332 1436 fbeminam
1357 1397 1478 1436 traii—

190 1458 230 1496 ci
267 1456 445 1511 potest·‚
499 1457 542 1498 Si
570 1467 679 1496 vcro
705 1456 1014 1496 incandescunt
1045 1459 1191 1508 prunis
1219 1459 1474 1510 impositae,

191 1531 293 1561 tunc
315 1533 403 1561 mas
423 1519 597 1561 craffior
620 1520 818 1561 redditur
838 1532 885 1562 vt
909 1532 989 1574 per
1010 1520 1254 1563 foeminam
1280 1525 1476 1568 coarcta·

189 1594 280 1626 tam
311 1586 548 1626 transmitti
582 1596 783 1639 nequeat·

319 1645 355 1693 §-
400 1663 474 1701 27.
544 1649 742 1694 Cochlea
776 1651 922 1703 itaque
949 1659 1058 1701 ‘mas'
1084 1660 1128 1692 et
1166 1650 1362 1694 foemina
1396 1666 1476 1706 per

187 1715 440 1754 coctionem
474 1716 515 1755 in
546 1728 649 1769 aqua
682 1713 884 1757 calefacta
922 1728 1013 1756 non
1051 1718 1369 1765 intumescunt,
1408 1719 1472 1757 in-

189 1778 242 1818 de
275 1779 497 1819 coniicere
530 1780 620 1834 quis
658 1780 822 1832 posset,
864 1779 1041 1820 metalla
1081 1779 1166 1819 hoc
1205 1781 1344 1821 modo
1381 1794 1473 1823 uon

191 1841 384 1891 dilatari,
424 1842 522 1884 hinc
555 1846 697 1886 multo
729 1847 867 1885 minus
887 1844 1030 1897 phiala
1054 1844 1275 1886 metallica
1296 1845 1345 1885 ab
1366 1858 1473 1901 aqua

189 1905 386 1948 seruente
412 1908 454 1948 in
483 1920 722 1950 momento
753 1910 944 1957 expandi
974 1908 1131 1962 potest.

317 1966 353 2014 9.
396 1972 468 2012 28.
538 1974 690 2014 Videri
720 1976 888 2026 itaque,
928 1975 1151 2014 rationem
1183 1972 1304 2014 huius
1335 1973 1467 2028 phae-

188 2037 396 2084 nomem,
438 2036 558 2079 saltus
586 2038 671 2078 scil.
704 2037 882 2090 liquoris
913 2039 955 2077 in
989 2038 1166 2090 phialis,
1210 2052 1300 2079 non
1332 2042 1374 2080 in
1394 2052 1470 2080 va-

183 2100 222 2140 se
253 2102 536 2149 continente,
576 2103 645 2142 sed
682 2103 725 2143 in
763 2103 943 2143 materia
973 2113 1188 2143 contenta
1231 2103 1312 2144 esse
1338 2117 1470 2158 quae-

184 2166 367 2206 rendam
393 2167 459 2208 cui
484 2167 725 2209 accidentia
754 2179 776 2207 a
806 2166 957 2207 calore
987 2179 1033 2210 et
1072 2166 1238 2224 frigore
1273 2170 1464 2217 inducta,

771 2232 841 2275 Ee
879 2246 903 2285 3
1368 2243 1464 2273 tan·
