1976 2605
302 153 647 208 SPHAERICO
665 178 684 186 -
702 149 1249 200 ASTRONOMICUM.
1324 171 1342 199 ι
1355 172 1419 212 09

268 279 473 325 Dehisce
492 275 651 330 regulis
670 284 878 327 notetur,

213 360 250 389 ι.
289 344 408 401 quod
425 339 582 382 ssmiles
601 339 679 380 sint
700 339 857 392 regulis
878 340 921 380 in
949 339 1091 393 prima
1111 336 1334 380 solutione
1354 339 1423 380 in-

138 413 317 461 ventiS,
354 409 459 449 licet
480 404 660 445 ibialiae
681 414 727 444 vt
754 404 929 445 videtur
957 404 1223 457 quantitates
1251 413 1294 444 et
1316 403 1421 446 den·

142 490 211 522 tur
242 487 286 516 et
316 480 588 528 quaerantur.

278 617 318 643 2.
386 597 536 655 Quod,
578 594 674 650 post
696 595 924 636 inuentum
947 594 1150 647 angulum
1171 593 1301 645 EPT,
1351 609 1422 638 ne-

144 670 282 724 liquae
304 665 474 717 regulae
498 672 589 701 non
617 659 691 700 nisi
713 658 869 700 duabus
891 661 1247 700 determinentur
1273 659 1420 700 altitu-

144 734 319 775 dinibus,
389 724 456 767 Sic
479 726 646 778 regulas
666 736 750 778 pro
771 731 830 778 pv
857 735 901 765 et
930 738 985 779 qz
1012 723 1297 764 inueniendas
1326 737 1418 765 non

142 795 217 836 nisi
249 806 274 834 a
302 801 344 831 et
371 786 523 830 bitem
548 789 574 832 S
597 799 677 830 ets
699 789 1027 842 ingrediuntur,
1069 788 1219 830 desunt
1240 799 1261 827 c
1291 798 1333 830 et
1363 789 1417 847 Q

137 860 247 902 Hinc
278 857 358 905 est,
397 855 514 909 quod
535 855 717 895 eaedem
740 852 917 907 regulae
939 853 1033 895 aliis
1056 863 1287 907 praeterea
1318 866 1418 894 mo-

138 923 201 964 dis
223 919 382 976 poffiut
412 920 619 972 exprimi.
691 918 737 960 Si
765 920 883 959 enim
913 928 1235 972 comparentur
1263 929 1419 972 acqua·

137 988 307 1036 tiones,
353 989 375 1026 8
401 994 444 1025 et
483 997 567 1033 12,
610 998 637 1035 9
662 994 704 1023 et
732 997 819 1036 13,
860 984 971 1024 item
1001 997 1057 1024 10
1083 994 1127 1023 et
1155 995 1237 1032 12,
1286 995 1338 1022 11
1373 992 1420 1023 et

141 1065 226 1103 13,
269 1050 376 1091 aliae
397 1049 638 1103 prodibunt
663 1046 961 1102 expreffiones
981 1047 1318 1102 aequiualentes.

262 1178 355 1221 NB.
427 1175 686 1220 Similitudo
716 1176 871 1218 harum
895 1188 940 1218 et
966 1178 1116 1231 primo
1138 1177 1419 1218 inuentarum

135 1244 383 1294 regularum
413 1243 456 1281 in
481 1243 682 1282 omuibus
703 1243 794 1282 aliis
818 1242 1165 1293 problematibus
1185 1241 1419 1280 secundum

138 1305 213 1345 hus
236 1303 475 1341 methodos
494 1303 643 1342 solutis
664 1304 853 1343 obtinet.
920 1304 1041 1360 Qme
1063 1304 1317 1357 proprietas
1335 1315 1419 1345 no-

143 1376 233 1408 tatu
263 1363 500 1418 dignillima
523 1364 594 1405 est.

217 1490 486 1544 Intelligitur
501 1498 646 1530 autem
668 1490 747 1532 ita:
786 1493 924 1533 Arcus
941 1493 987 1533 in
1013 1490 1242 1546 superficie
1261 1493 1415 1548 sphae-

138 1555 225 1596 rica
251 1555 456 1607 descripti
488 1553 565 1608 ipsi
595 1555 688 1596 sunt
718 1556 944 1597 mensurae
972 1557 1235 1609 angulorum
1272 1560 1324 1600 ad
1359 1561 1415 1612 A,

139 1620 188 1660 ab
215 1619 360 1672 quibus
390 1619 725 1671 subtenduntur,
768 1633 866 1662 nam
893 1621 979 1662 hoc
1008 1621 1102 1662 casu
1125 1622 1415 1666 semicirculus

141 1683 230 1734 900
253 1695 420 1724 tautum
445 1683 612 1724 constat
632 1686 852 1740 gradibu5‚
894 1687 960 1728 vti
988 1699 1045 1728 ex
1073 1686 1306 1728 elementis
1335 1700 1412 1740 pa-

140 1758 219 1789 tet.
291 1746 355 1788 Sic
385 1747 620 1801 dispalescit
648 1752 817 1806 regulas
845 1750 920 1794 has
948 1763 993 1794 et
1035 1752 1200 1808 primas
1236 1751 1413 1794 easdem

141 1810 222 1856 esse
254 1809 410 1855 debere
433 1812 686 1858 necessario.
