1976 2605
500 159 1033 213 OBSERUATIONES
1342 175 1430 222 26³
1450 173 1472 204 ι.

149 290 398 340 mansurus,
440 297 568 341 atque
599 287 657 328 ita
687 284 952 339 parturienti
977 281 1164 338 plurima
1184 284 1437 326 incommo—

150 359 200 398 da
229 352 468 410 objecturus
497 351 649 393 fuisset.
718 346 831 392 Non
864 361 1076 390 erravero
1118 349 1273 402 igitur,
1317 348 1345 389 si
1373 362 1437 389 ar-

146 421 365 475 gumentis
415 417 496 457 illis
542 415 638 457 satis
687 413 824 455 firmis
858 442 869 465 ‚
909 415 1029 467 queis
1065 414 1287 467 obliquum
1323 417 1439 455 vteri

147 485 270 527 litum
309 485 350 524 in
387 481 572 536 grauidis
607 479 825 520 adstruere
863 476 1030 518 annisus
1062 477 1119 516 est
1143 478 1164 517 a
1192 478 1439 529 Deuenter,

145 549 232 591 hoc
260 547 498 595 addidero,
534 544 651 600 quod
679 554 724 583 et
765 553 1079 595 nonuunquam
1116 542 1159 580 in
1203 543 1436 582 anteceda—

145 627 273 655 neam
303 610 604 652 distorsionem
649 608 840 649 matricis
896 607 1092 646 nondum
1142 603 1438 645 foecundatae

148 689 194 717 ac
254 677 590 729 ligamentorum
637 670 910 726 inaequalem
942 670 1294 726 explicationem
1330 668 1441 708 illius

149 740 274 794 culpa
308 740 547 781 redundare
577 735 721 794 poffit.
747 800 812 843 IV

275 866 432 910 Sartor
467 866 645 921 aliquis,
678 864 911 906 sanissimus
947 863 1145 914 habitus,
1183 861 1439 906 inclinando

148 942 306 985 corpus
331 958 342 982 ‚
383 942 428 971 vt
452 931 772 972 ferramentum
799 929 850 970 ad
871 928 1146 981 laeuigandas
1169 927 1439 968 fimbriarum

150 995 479 1051 inaequalitates
507 995 747 1046 capess'eret
766 1020 777 1042 ,
811 993 951 1032 subito
980 992 1179 1031 concidit
1211 991 1438 1031 examinis.

152 1060 433 1114 Repentinae
462 1059 620 1099 mortis
648 1056 785 1097 caussa
820 1067 865 1096 vt
898 1055 1077 1094 sciretur
1097 1080 1108 1102 ‚
1150 1053 1330 1095 sediioni
1351 1065 1439 1094 tra-

149 1122 288 1162 ditum
317 1122 374 1162 est
400 1122 598 1161 cadauer.
669 1119 753 1160 Sub
788 1117 941 1158 crauio
976 1116 1239 1158 violentiam
1276 1116 1439 1171 quaesi-

149 1185 274 1227 viss'es
305 1196 479 1226 mecum
502 1201 511 1226 :
551 1183 636 1226 Sed
656 1184 770 1224 intra
793 1182 988 1223 thoracis
1007 1181 1254 1236 penetralia
1274 1180 1438 1221 malum

148 1260 284 1288 omne
313 1249 501 1288 delituit.
568 1251 684 1292 Ecce
713 1249 856 1295 enim,
879 1256 1064 1287 remoto
1093 1246 1241 1286 sterno
1272 1241 1436 1297 ex'pe-

149 1311 340 1350 ricardio
376 1311 665 1354 veliementer
712 1310 891 1362 turgido
924 1322 1025 1364 aqua
1074 1310 1293 1350 ordinaria
1331 1320 1436 1349 cum

151 1377 319 1427 impetu
362 1375 544 1428 prosilit.
612 1374 855 1424 Putabam,
896 1387 1078 1415 omnem
1107 1373 1431 1427 pericardiica-

152 1439 336 1479 vitatem
366 1439 435 1478 illa
463 1440 683 1491 repletam
713 1435 835 1476 fore:
878 1438 1010 1490 igitur
1048 1437 1231 1490 spongia
1268 1436 1431 1478 exhau-

152 1503 236 1542 rire
265 1504 522 1544 tentabam..
569 1500 652 1541 Sed
686 1513 781 1541 mea
812 1513 882 1540 mc
913 1499 1067 1542 fefellit
1100 1502 1275 1553 opinio.
1299 1501 1429 1555 Lym-

153 1566 237 1620 pha
270 1567 384 1608 enim
418 1579 547 1620 pauca
577 1564 879 1619 supernatabat
909 1566 1073 1618 grumis
1101 1565 1341 1618 sanguineis
1363 1578 1431 1605 re-

151 1631 340 1672 centibus
369 1632 473 1673 octo
499 1631 644 1672 uncias
694 1629 1000 1682 pendentibus.
1071 1629 1341 1683 stupefactus
1379 1631 1431 1669 ad

155 1704 244 1735 tam
269 1695 484 1737 insolitum
512 1694 868 1749 phoenomenon
891 1722 900 1743 ,
942 1697 984 1735 in
1019 1693 1283 1747 profusionis
1311 1705 1429 1733 caus-

153 1758 236 1798 sam
269 1759 483 1814 inquirere
507 1760 753 1814 adgredior.
792 1758 909 1801 Inflo
941 1760 1071 1812 igitur
1099 1759 1249 1812 primo
1271 1771 1427 1798 venam

152 1834 300 1863 cauam
324 1851 336 1872 ,
376 1835 419 1864 et
445 1837 544 1866 ecce
574 1838 652 1878 per
683 1823 998 1865 foraminulum
1027 1825 1070 1864 in
1111 1835 1265 1863 ani-tae
1307 1824 1427 1875 prin-

149 1887 270 1940 cipio
308 1900 378 1929 acr
413 1891 552 1931 omnis
591 1891 719 1930 redit.
786 1888 893 1930 Duo
947 1888 1055 1929 mihi
1093 1889 1263 1928 curiosa
1303 1888 1425 1926 viee-

150 1950 332 1992 bantur:
373 1955 515 2006 primo
543 1954 662 2008 quod
691 1952 822 1994 laesio
852 1955 895 1993 in
928 1964 1017 1993 tam
1056 1952 1237 1992 robustis
1270 1952 1425 1992 tunicis

149 2015 293 2055 sedem
321 2015 529 2070 haberet·,
567 2018 721 2069 deinde
746 2044 757 2067 ,
800 2018 1034 2070 quomodo
1064 2030 1136 2056 aer
1165 2028 1220 2057 ex
1251 2028 1351 2056 caua
1382 2017 1423 2055 in

148 2090 320 2119 aortam
351 2081 488 2134 posset
531 2082 742 2132 transire,
781 2094 878 2121 cum
927 2080 1086 2122 nullam
1124 2081 1424 2121 mutationem

146 2144 383 2196 pulmones
430 2157 694 2201 paterentur.
767 2146 862 2188 Cor
910 2147 1041 2200 igitur
1087 2145 1293 2187 exscindo
1323 2157 1423 2184 cum

147 2205 260 2250 Tom.
298 2207 384 2252 IV.
771 2210 839 2252 Ll
1315 2208 1420 2248 vasis

1465 852 1616 885 abst-effu·
1634 858 1664 885 in

1493 900 1641 936 principio

1514 947 1626 970 nortae·
