1976 2605
606 166 696 192 212
770 145 1320 195 ANAMORPHOSEOS
1355 147 1793 195 POLYEDRICAE

600 272 645 312 lo
677 283 779 311 meo
815 271 979 321 Optico
1023 265 1212 306 fideliter
1258 265 1448 316 tradidi,
1496 267 1741 323 saepiusque
1779 282 1874 311 cerv

601 346 689 375 tam
714 343 919 384 expertus
949 332 1061 380 sum,
1103 331 1217 370 cuius
1247 341 1479 372 momenta
1507 329 1576 371 hic
1608 331 1769 374 sincere
1795 346 1872 375 ex·-

600 409 764 450 ponam
790 412 798 438 ε

668 474 708 502 1.
749 461 990 515 Qmeratur
1025 468 1230 512 quantam
1279 458 1522 500 distantiam
1553 459 1813 513 polyedrum
1852 472 1877 502 a

724 525 865 563 tabula
890 523 982 562 alba
1012 521 1146 572 ferat,
1187 533 1234 563 vt
1256 524 1430 564 areolae
1456 525 1671 576 prodeant
1699 526 1749 563 ad
1770 538 1876 577 pro-

728 587 1034 639 portionatum
1060 586 1210 636 situm,
1250 599 1338 627 non
1363 588 1489 627 nimis
1510 589 1697 627 inuicem
1725 588 1877 629 distan-

729 660 818 699 tes,
864 663 1000 704 neque
1022 651 1258 691 admodum
1283 652 1398 690 inter
1421 651 1459 690 se
1496 652 1779 704 propinquae.

793 714 886 754 Fiet
916 714 960 754 id
995 726 1082 767 ope
1110 714 1313 767 lampidis
1340 714 1545 754 foramini
1569 714 1765 767 operculi
1786 713 1880 755 tubi

728 777 1031 833 praepositae,
1073 779 1443 832 quemadmodum
1480 780 1633 831 Optici
1669 778 1803 830 vulgo
1835 778 1881 820 id

730 843 847 882 reete
870 843 1047 882 docent.
1114 841 1254 882 'rubus
1280 842 1353 883 ille
1383 841 1431 881 sit
1465 842 1654 890 dustilis,
1697 852 1744 882 vt
1776 853 1882 882 vera

732 907 977 956 proportio
1014 916 1057 946 et
1087 906 1198 954 tubi,
1239 916 1283 946 et
1307 905 1526 946 distantiae
1549 905 1739 946 tabulam
1765 905 1881 944 inter

732 977 776 1006 et
808 969 996 1017 vitrum,
1039 977 1083 1007 et
1114 967 1211 1007 situs
1243 970 1490 1008 areolarum
1518 969 1781 1009 commodus
1811 968 1879 1009 in-

738 1030 950 1070 notescat.

670 1105 712 1131 2.
752 1092 1167 1135 circumscribantur
1215 1094 1389 1133 areolae
1437 1095 1480 1133 in
1525 1094 1665 1133 tabula
1710 1094 1880 1133 lucidae

734 1156 920 1209 plumpo
959 1155 1220 1209 scriptorio,
1262 1158 1442 1209 situsque
1483 1156 1696 1208 lampadis
1731 1156 1878 1195 sedulo

733 1220 1015 1259 conseruetur
1038 1221 1178 1266 idem,
1220 1221 1354 1271 qualis
1375 1222 1417 1257 in
1444 1220 1585 1270 prima
1617 1217 1879 1256 delineatio—

737 1296 791 1323 ne
827 1293 919 1322 erat
949 1283 1083 1321 datus.
1157 1282 1407 1337 Quanquam
1440 1282 1556 1319 enim
1587 1279 1691 1319 fines
1711 1278 1882 1318 areola—

735 1359 829 1386 rum
861 1345 1096 1385 lucidarum
1132 1343 1217 1383 hoc
1251 1345 1387 1383 modo
1419 1344 1567 1383 exuere
1600 1342 1883 1383 determinari

737 1418 972 1460 nequeant,
1015 1417 1203 1458 propter
1226 1406 1538 1457 penumbmm‚
1579 1405 1700 1447 locus
1730 1416 1880 1448 tamen

735 1470 1020 1522 designabitur
1042 1470 1083 1507 in
1107 1480 1230 1520 quem
1258 1468 1429 1506 cadunt.

800 1533 843 1575 Si
872 1545 981 1574 vero
1012 1531 1134 1571 alicui
1157 1532 1321 1571 :inimus
1344 1531 1399 1570 est
1426 1542 1623 1573 accurate
1647 1544 1714 1572 eas
1738 1530 1878 1571 confi·

733 1598 916 1651 gnandi,
944 1593 1160 1648 poteritis
1182 1594 1267 1634 hoc
1290 1594 1549 1635 exiistiffime
1573 1595 1812 1648 praestare,
1848 1592 1879 1635 fi

734 1670 864 1701 tenue
892 1659 1047 1700 lineale
1079 1660 1248 1711 nigum‚
1289 1658 1360 1698 vel
1397 1659 1436 1697 ei
1466 1658 1601 1699 simile
1634 1671 1690 1699 ex
1730 1657 1879 1699 charta

739 1723 976 1764 duriuscula
999 1721 1266 1771 confestum,
1310 1722 1360 1760 ad
1382 1721 1487 1763 fines
1510 1721 1707 1771 areolae,
1742 1722 1784 1761 in
1807 1720 1877 1760 lo-

738 1799 792 1827 co
814 1788 1005 1828 maxime
1025 1785 1318 1835 tenebricoso,
1334 1798 1388 1825 ex
1403 1786 1612 1838 lampadis
1631 1785 1753 1825 radio
1771 1784 1876 1824 luci·

738 1852 797 1891 do
813 1883 823 1902 ‚
844 1851 1016 1891 confuse
1040 1851 1266 1899 indicatas,
1309 1850 1359 1889 de
1381 1849 1446 1888 die
1468 1851 1509 1888 in
1532 1849 1634 1890 loco
1655 1848 1875 1890 luminoso

740 1917 790 1955 ad
812 1915 999 1955 tabulam
1023 1928 1108 1967 ope
1131 1926 1253 1953 cerae
1276 1912 1489 1965 applicet,
1515 1914 1671 1953 deinde
1695 1924 1772 1965 per
1793 1925 1875 1965 po·

738 1978 962 2032 lyedrum‚
1006 1979 1190 2018 admoto
1213 1977 1262 2018 ad
1286 1976 1480 2016 foramen
1505 1977 1700 2030 operculi
1723 1976 1872 2024 oculo,

745 2043 941 2082 obseruet
973 2042 1095 2082 situm
1125 2040 1312 2089 linealis,
1353 2040 1453 2079 illud
1483 2051 1572 2080 tam
1597 2042 1667 2080 diu
1689 2051 1873 2079 mouen-

741 2106 822 2156 do,
862 2119 992 2160 Vsque
1015 2107 1115 2148 dum
1136 2108 1180 2148 in
1200 2117 1296 2147 eum
1317 2103 1530 2145 locauerit
1553 2104 1677 2146 situm
1693 2130 1706 2155 ‚
1745 2112 1792 2144 vt
1824 2101 1875 2142 fi-

1798 2174 1873 2206 nes
