1976 2605
553 155 648 200 232
687 136 990 188 CONFIRM.
1012 143 1313 194 DILATAT.
1346 144 1562 209 ATQUE
1589 144 1819 195 CONTR.

681 261 794 302 sicco
850 266 1079 305 maneret,
1137 255 1332 296 chordae
1379 263 1536 297 tonum
1571 267 1610 301 in
1644 274 1826 306 momento

672 324 909 377 grauiorem
946 319 1234 374 acquirebant.

623 400 696 430 12.
766 385 863 425 Vna
889 395 984 425 cum
1013 383 1301 425 instrumento
1321 382 1550 423 immersae
1573 382 1763 429 chordae
1783 389 1827 429 in

682 461 834 503 aquam
869 447 1079 489 feruidam
1100 475 1113 500 ,
1161 447 1408 490 retinebant
1443 446 1634 489 chordae
1669 460 1827 492 tonum

683 513 916 554 acutiorem.

625 590 702 629 13.
768 576 819 617 In
841 587 992 629 aquam
1027 574 1337 629 frigidiffimam
1362 574 1551 616 immiss‘o
1574 575 1829 618 instrumen-

687 649 763 690 to,
806 650 932 680 extra
951 651 1101 693 aquam
1124 640 1395 681 manentibus
1424 638 1629 692 chordis,
1671 650 1830 682 tonum

683 703 931 754 remiffiol·em
958 703 1114 743 dabant
1138 703 1342 745 chordae.

626 789 701 829 14.
767 775 818 816 In
842 788 945 829 aqua
965 773 1225 828 frigidiffima
1246 773 1456 815 immersis
1475 772 1611 815 solum
1632 773 1821 826 chordis,

686 840 747 879 ita
767 850 813 881 vt
834 852 991 893 corpus
1011 839 1226 890 ferreum,
1266 849 1365 879 ante
1388 838 1483 890 post
1510 837 1733 878 fornacem
1755 839 1828 877 de-

685 912 882 950 tentum,
922 915 1071 954 aquam
1106 915 1195 942 non
1228 912 1453 953 tangeret,
1495 901 1686 942 chordae
1712 899 1830 941 altio-

683 975 769 1005 rem
797 973 954 1003 tonum
975 965 1019 1002 in
1044 975 1323 1003 momentum
1345 965 1633 1014 acquirebant.

627 1055 700 1094 ις.
768 1043 819 1081 In
848 1052 999 1092 aquam
1029 1040 1227 1092 frigidam
1259 1041 1451 1079 immistis
1494 1041 1628 1080 solum
1660 1042 1834 1083 chordis

684 1102 958 1146 instrumenti
978 1113 1104 1142 antea
1128 1104 1171 1142 in
1193 1102 1354 1153 frigore
1376 1102 1571 1141 esseruati
1594 1112 1747 1142 tonum
1769 1104 1832 1143 fe·

689 1181 735 1208 re
764 1166 1009 1207 retinebant
1040 1166 1238 1206 eundem.

631 1249 705 1287 16.
772 1244 822 1284 In
844 1254 993 1295 aquam
1014 1239 1215 1292 frigidam
1234 1251 1382 1281 totum
1404 1241 1653 1279 immersum
1682 1239 1830 1279 instru—

690 1316 888 1347 mentum
911 1317 993 1344 vna
1022 1316 1118 1344 cum
1131 1303 1320 1353 chordis,
1348 1302 1465 1357 quod
1484 1313 1611 1342 antea
1632 1303 1673 1341 in
1697 1302 1829 1354 frigo-

689 1383 737 1411 re
767 1371 903 1409 fuerat
933 1379 1089 1408 tonum
1118 1368 1362 1419 acquirebat
1391 1366 1606 1406 acutiorem
1634 1365 1704 1405 sed
1736 1376 1831 1407 tan·

690 1443 783 1472 tum
805 1432 857 1471 ad
880 1429 1176 1469 semitonium.
1712 1418 1715 1421 ’

634 1528 708 1567 17.
777 1515 827 1554 In
864 1525 1014 1566 aquam
1054 1510 1359 1564 frigidiffimam
1398 1512 1646 1555 immersum
1685 1523 1832 1555 totum

691 1578 1021 1620 instrumentum
1036 1602 1048 1624 ,
1078 1586 1200 1615 antea
1215 1575 1308 1628 post
1329 1574 1551 1617 fornacem
1571 1577 1831 1630 repositum,

693 1653 849 1682 tonum
872 1639 1115 1693 acquirebat
1145 1641 1400 1679 acutiorem.

699 1764 734 1812 §.
778 1780 853 1819 53.
923 1766 1102 1808 Constat
1122 1766 1265 1819 itaque
1287 1779 1362 1819 per
1381 1765 1484 1806 haec
1508 1765 1829 1819 experimenta,

570 1833 687 1887 quod
716 1830 891 1872 metalla
914 1832 954 1870 in
976 1840 1288 1870 momentanea
1309 1829 1587 1869 immersione
1612 1831 1653 1868 in
1681 1842 1830 1883 aquam

571 1896 752 1937 calidam
774 1895 1009 1937 dilatentur
1031 1893 1125 1947 quia
1146 1903 1272 1933 tonus
1292 1894 1458 1932 acutior
1477 1893 1733 1933 reddebatur
1754 1905 1832 1946 per

574 1960 787 2011 experim.
818 1972 901 2007 10,
949 1973 966 1997 1
984 1972 1028 2007 1,
1073 1971 1088 1995 1
1105 1971 1154 2004 2,
1198 1956 1381 1997 dilatato
1405 1958 1518 1996 enim
1541 1957 1829 1997 instrumento

574 2023 763 2062 chordae
785 2023 917 2073 magis
939 2022 1186 2063 tenduntur.
1256 2021 1304 2060 In
1326 2033 1473 2072 aquam
1494 2033 1600 2060 vero
1630 2020 1828 2072 frigidam

576 2085 749 2127 demissa
770 2085 945 2126 metalla
963 2084 1278 2127 contrahantur
1296 2095 1375 2139 per
1395 2085 1610 2139 experim.
1635 2098 1718 2135 13,
1758 2097 1830 2138 14,

1757 2157 1830 2195 152
