1976 2605
573 161 630 203 17
641 153 666 193 8
934 142 1023 192 DE
1073 142 1458 194 SOLIDORUM

570 267 779 317 debeant,
827 264 937 306 nihil
975 263 1328 315 comprimantur
1360 263 1605 306 inferiores.
1672 266 1846 309 Exten-

571 333 728 372 dentur
749 330 798 368 ab
819 329 989 368 afflone
1010 327 1220 379 ponderis
1246 327 1275 367 P
1296 325 1427 367 fibrae
1450 340 1529 380 per
1550 328 1711 370 ABAF.
1773 331 1846 373 Eo

571 394 708 441 facto,
758 390 957 431 fulciatur
995 390 1039 429 in
1074 390 1129 440 F,
1177 403 1258 430 nec
1295 391 1476 432 extendi
1511 392 1693 445 amplius
1713 419 1725 443 ,
1771 393 1844 434 sed

570 455 811 509 comprimi
833 456 1044 508 patiatur:
1081 455 1439 507 comprimentur
1462 454 1511 494 ab
1534 457 1685 495 eadem
1707 457 1844 499 aecio-

573 532 628 562 ne
651 518 783 559 fibrae
805 518 848 559 in
870 515 1037 561 AAFG.
1101 517 1216 568 Jam,
1256 518 1285 559 fi
1306 518 1393 559 fine
1418 518 1563 561 fulcris
1584 518 1750 559 trabem
1773 519 1847 561 fibi

569 581 829 636 reliquisses,
865 582 1008 623 statim
1030 580 1080 620 ab
1100 582 1230 622 initio
1259 584 1305 623 in
1331 582 1456 623 situm
1479 581 1551 625 FG
1582 583 1845 635 peruenisset

573 647 623 688 ab
645 647 817 688 actione
839 645 992 686 eadem
1016 646 1225 697 ponderis
1249 646 1291 687 P.
1347 646 1487 698 Igitur
1508 647 1572 687 vis
1595 647 1747 687 eadem
1770 647 1844 698 est,

573 723 680 763 quae
702 710 826 750 fibras
849 709 986 752 nssSF
1007 711 1230 761 extendit,
1271 719 1314 750 et
1337 709 1460 750 fibras
1484 709 1628 753 AASF
1648 712 1847 763 compri-

575 775 687 825 mit,
724 787 822 815 cum
853 785 928 823 ea,
968 784 1074 826 quae
1104 775 1174 815 vel
1205 775 1407 815 extendit
1436 773 1561 814 fibras
1583 774 1752 824 aABF,
1774 773 1848 815 vel

525 854 533 867 ν
575 839 834 890 comprimit
855 836 980 878 fibras
1002 836 1170 880 AAFG.
1237 837 1377 892 Atque
1401 839 1569 879 iterum:
1603 837 1714 879 Cum
1741 837 1848 878 fibra:

573 902 613 942 H
635 903 757 953 super
778 900 917 941 fulcro
940 901 979 940 A
1003 901 1257 942 extenditur
1278 902 1330 941 ad
1349 902 1450 951 HK,
1493 911 1536 941 et
1564 900 1687 953 super
1708 899 1851 941 fulcro

576 963 607 1003 F
630 963 945 1014 comprimitur
976 974 1052 1014 per
1084 964 1166 1013 KI,
1202 965 1383 1015 perinde
1405 965 1489 1014 est3
1526 977 1572 1003 ac
1594 965 1621 1003 fi
1644 964 1760 1003 tensa
1784 976 1848 1004 es-

573 1026 635 1066 set
662 1025 799 1065 solum
824 1038 904 1076 per
924 1025 1238 1068 HIzHK—KI.
1310 1027 1379 1068 Sic
1410 1035 1453 1066 et
1476 1025 1582 1067 fibra
1608 1028 1651 1069 N
1672 1026 1851 1068 extensa

576 1087 702 1141 super
722 1087 860 1129 fulcro
889 1089 930 1127 A
953 1099 1031 1139 per
1051 1088 1170 1137 NM,
1212 1097 1255 1127 et
1286 1089 1530 1139 compressa
1558 1090 1680 1139 super
1709 1089 1852 1129 fulcro

499 1147 511 1156 “
575 1152 607 1193 F
637 1164 717 1204 per
745 1151 830 1192 ML
863 1149 1040 1190 exhibet
1071 1149 1224 1190 fibram
1256 1145 1549 1201 compressam
1579 1150 1717 1191 solum
1757 1163 1841 1203 pet

575 1214 954 1257 NLzleL-NM.
1043 1212 1128 1252 Sed
1168 1225 1322 1253 omnes
1362 1213 1422 1252 HI
1452 1221 1495 1251 et
1539 1213 1619 1252 NL
1655 1213 1850 1252 efficiunt

579 1278 751 1320 AABSF
772 1287 815 1316 et
836 1274 976 1324 ASG,
1019 1287 1109 1315 non
1129 1273 1243 1314 secus
1264 1284 1391 1326 atque
1422 1285 1575 1312 omnes
1596 1273 1734 1314 lineae
1752 1275 1849 1324 HK,

576 1341 736 1383 faciunt
758 1340 929 1389 AABF,
972 1349 1015 1379 et
1038 1350 1192 1379 omnes
1208 1337 1266 1378 1ss
1286 1336 1548 1390 triangulum
1571 1336 1700 1379 AFG.

704 1400 739 1446 9.
784 1416 859 1453 29.
927 1403 1070 1442 Acute
1107 1401 1150 1438 id
1186 1412 1296 1440 vero
1322 1425 1334 1447 ,
1390 1399 1421 1438 fi
1458 1401 1682 1451 quicquam
1721 1399 1851 1440 aliud,

580 1465 710 1509 Vnum
729 1465 928 1506 desidero
948 1477 1032 1517 pro
1055 1475 1150 1504 mea
1169 1461 1390 1503 tarditate.
1430 1460 1687 1516 Cumfulcri
1706 1473 1850 1504 tantus

578 1531 623 1570 in
644 1539 923 1570 momentum
941 1526 1199 1568 resistentiae
1221 1524 1406 1565 influxus
1425 1525 1498 1565 est:
1533 1526 1648 1566 vnde
1669 1527 1854 1577 constat,

581 1594 624 1634 id
654 1593 899 1640 momenti,
938 1592 1057 1644 quod
1082 1592 1124 1630 in
1153 1588 1320 1640 singulis
1351 1587 1505 1627 casibus
1535 1588 1797 1641 simplicibus
1825 1602 1850 1630 a·

582 1657 778 1697 distantia
801 1655 1034 1695 fulcrorum
1058 1656 1121 1703 A,
1146 1652 1216 1693 vel
1236 1652 1268 1693 F
1290 1652 1451 1700 oritur,
1475 1652 1747 1703 compensari
1770 1664 1846 1693 ex·

583 1721 675 1762 aete
695 1733 772 1773 per
789 1720 1006 1771 vti-iusque
1028 1718 1137 1757 casus
1155 1715 1528 1756 combinationem
1544 1741 1556 1764 ,
1597 1714 1682 1755 fine
1706 1713 1851 1756 fulcris

583 1780 774 1826 factam?
842 1782 1024 1825 Certum
1049 1781 1129 1828 est,
1168 1779 1290 1819 situm
1322 1779 1449 1819 trabis
1479 1779 1664 1820 eundem
1694 1778 1848 1831 prodi-

584 1860 632 1888 re
664 1860 741 1900 per
770 1845 1089 1899 suppositiones
1110 1844 1205 1884 Viri
1238 1843 1334 1881 duas
1357 1841 1428 1882 fibi
1450 1843 1738 1891 succedentes,
1779 1839 1852 1895 qui

584 1923 662 1963 per
684 1909 976 1962 compositam
1001 1910 1112 1949 exit:
1145 1907 1212 1947 sed
1235 1918 1285 1945 nn
1305 1906 1406 1946 ideo
1426 1914 1651 1946 momentum
1673 1905 1847 1960 reststetz·

585 1975 665 2012 riae
686 1976 799 2014 idem
824 1974 972 2025 prodit
992 1970 1180 2020 remotis,
1222 1982 1326 2022 quae
1348 1970 1511 2022 posuit,
1536 1967 1702 2024 fitlcris.
1742 1970 1847 2010 Non

585 2036 668 2075 effe
690 2038 798 2077 lianc
831 2039 881 2076 de
912 2037 1051 2077 nihilo
1081 2033 1423 2082 solicitudinem,
1465 2033 1630 2086 patebit
1662 2031 1849 2086 plenius,

540 2099 544 2103 '
584 2100 617 2141 fi
645 2103 826 2142 eandem
856 2101 910 2141 ad
938 2099 1217 2145 ratiocinium
1245 2096 1434 2152 applices
1455 2096 1696 2139 secundum.
1763 2094 1846 2162 Di·

1792 2171 1848 2196 ων
