1976 2605
402 123 801 175 mmmmm
838 122 1188 174 commum
1205 127 1296 176 ὡς.
1387 143 1443 186 1,
1454 144 1491 186 ⁹·

197 255 226 298 fi
256 253 490 307 grauitates
521 248 746 303 specificae
776 248 984 301 corporis
1011 259 1057 290 et
1087 248 1223 289 medii
1256 247 1488 292 refistentis

198 317 472 361 constantem
508 314 680 355 seruent
726 315 948 355 rationem
971 340 983 362 ,
1039 314 1234 367 quamuis
1271 322 1487 370 tempora

197 392 450 431 mutentur,
487 380 634 433 quibus
653 389 776 420 arcus
797 379 859 418 isti
884 377 963 419 AC
985 377 1296 419 describuntur.

331 460 367 508 §.
412 475 453 514 5.
521 457 735 503 scholium.
797 457 843 499 Si
863 459 1034 498 numeri
1056 467 1101 497 et
1122 459 1345 500 mensurae
1365 458 1489 500 abso-

197 526 317 570 lutae
353 527 651 571 desiderantur
675 524 691 573 (
716 521 836 576 quod
875 523 918 562 in
945 520 1114 561 calculo
1145 522 1488 574 experimento.-

200 605 296 633 rum
317 590 577 646 requiritur)
597 587 916 629 attendendum
941 584 1000 626 est
1025 587 1079 627 ad
1105 584 1289 640 figuram
1318 597 1489 640 corpo-

195 659 282 707 εἰς,
315 656 622 708 rationemque
642 652 908 706 grauitatum
928 649 1228 706 specificarum
1250 651 1366 692 inter
1385 663 1490 692 cor-

200 732 277 774 pus
297 731 340 761 et
361 719 554 760 medium
573 717 785 760 resistens:
811 729 1028 772 ponamus
1048 727 1209 770 corpus
1230 714 1314 755 ess‘e
1333 714 1493 769 sphae-

198 784 337 825 ricum
372 784 546 837 eiusque
576 783 843 824 diametrum
869 782 1105 825 continere
1134 790 1207 821 tot
1238 779 1491 821 millesimae

200 859 348 903 partes
369 849 492 888 vnius
511 848 634 902 pedis
661 857 768 902 quot
791 847 1080 888 continentur
1098 847 1288 886 vnitates
1309 846 1354 886 in
1371 859 1422 896 m,
1444 853 1490 887 et

200 913 284 954 ess‘e
305 914 572 966 grauitatem
594 912 839 966 specificam
858 911 982 965 globi
1000 913 1043 951 in
1062 922 1203 951 vacuo
1225 910 1276 950 ad
1295 910 1490 962 grauita-

199 987 293 1019 tem
314 976 560 1031 specificam
583 977 715 1018 medii
734 976 962 1018 resistentiS
992 976 1034 1016 in
1061 987 1228 1025 vacuo,
1268 983 1318 1016 vt
1344 989 1363 1017 1
1389 974 1444 1016 ad
1463 969 1496 1014 h

202 1051 289 1091 erit
322 1036 674 1100 nzffl-fl'stonf.
704 1050 966 1094 Comment.
990 1050 1124 1091 Tom.
1151 1047 1208 1091 11.
1236 1059 1335 1104 pag.
1375 1061 1491 1103 324.

200 1124 244 1156 et
283 1127 381 1169 pag.
425 1131 447 1168 3
463 1119 536 1156 26.

252 1190 255 1193 ⁵
316 1195 555 1238 Caeterum
579 1197 725 1250 potest
745 1195 981 1237 theorema
1002 1195 1110 1236 istud
1127 1194 1368 1249 generalius
1388 1192 1493 1234 red—

203 1257 246 1299 di
266 1269 309 1297 et
331 1261 514 1298 extendi
543 1261 594 1297 ad
615 1260 781 1307 media,
809 1270 916 1311 quae
938 1261 1099 1310 partim
1123 1259 1165 1298 in
1185 1258 1404 1310 duplicata
1422 1271 1490 1299 ra·

200 1323 331 1363 tione
356 1323 645 1362 velocitatum
663 1349 673 1369 ‚
701 1322 926 1374 partimin
950 1323 1128 1362 ratione
1150 1333 1491 1364 momentorum

204 1387 420 1438 temporis
441 1389 591 1438 (quam
614 1382 879 1435 hypothesin
903 1381 1131 1424 Newtonus
1155 1384 1198 1423 in
1216 1384 1373 1426 vltima
1397 1387 1489 1426 edi-

205 1451 330 1490 tione
359 1446 497 1489 Prine.
526 1443 627 1488 Phil.
656 1448 821 1488 secutus
849 1447 906 1488 cst
929 1450 943 1498 )
965 1447 1190 1499 resistunt,
1243 1450 1360 1504 quod
1389 1450 1492 1493 alibi

203 1513 446 1555 ostendam.
514 1512 607 1563 Jam
643 1525 755 1553 vero
794 1512 1006 1567 quaedam
1045 1512 1324 1566 problemata
1353 1515 1492 1557 attin·

201 1579 328 1634 gam,
366 1589 473 1632 quae
494 1589 549 1618 ex
570 1576 854 1619 theoremate
875 1578 1025 1618 nostro
1046 1577 1171 1618 facile
1190 1578 1419 1621 ducuntur.

334 1651 371 1699 §.
412 1661 456 1696 6.
524 1653 733 1698 Problema
747 1655 786 1698 Ι.
855 1657 1175 1700 Determinare
1195 1659 1490 1702 velocitatem

209 1721 413 1773 corporis
442 1721 656 1773 grauitate
681 1723 747 1763 sua
785 1723 827 1762 in
863 1736 990 1764 curua
1019 1735 1270 1778 quacunque
1300 1726 1416 1766 moti
1443 1734 1488 1766 et

207 1785 361 1838 abique
384 1785 662 1828 resistentiam
685 1787 894 1842 patientis
912 1789 1164 1830 velocitatis
1185 1790 1279 1830 suae
1306 1789 1486 1843 quadra-

209 1859 260 1890 to
291 1852 697 1904 proportionalem.

339 1913 618 1956 solutionem
648 1916 845 1956 admittit
870 1916 957 1957 hoc
988 1917 1217 1971 problema
1253 1916 1490 1972 duplicemt

212 1990 389 2032 quarum
417 1980 631 2033 quaelibet
652 1982 768 2020 vsum
792 1980 908 2021 suum
932 1981 1091 2024 habere
1120 1983 1263 2037 potest
1295 1986 1488 2037 particu-

213 2044 372 2084 larem:
421 2045 549 2096 igitur
577 2057 599 2084 e
627 2058 673 2086 re
702 2044 844 2085 nostra
876 2047 959 2087 erit
987 2058 1215 2103 Vtramque
1235 2059 1490 2104 apponere,

212 2108 407 2163 quanzuis
425 2109 561 2151 altera
585 2109 667 2150 iam
688 2110 756 2150 diu
777 2109 824 2149 sit
848 2123 967 2151 nota.

799 2173 827 2218 S
860 2188 884 2216 2
1404 2171 1487 2220 So-
