1976 2605
599 117 696 177 'EX
746 124 1038 177 MELONE.
1364 152 1383 180 1
1398 143 1457 194 a,

172 260 220 298 et
247 261 464 294 numerus.
536 260 578 302 5.
609 249 723 294 Cum
755 249 881 292 frusta
918 250 1055 301 duos,
1093 258 1207 302 tres,
1248 251 1454 307 quinque,

171 318 276 360 osto
300 318 487 372 pollices
509 314 643 368 longa
664 325 709 355 et
731 315 932 356 tortuosa
967 315 1263 358 abscinderem
1280 344 1292 367 ,
1332 317 1456 362 licuit

169 393 214 424 et
236 395 384 424 aerem
404 391 447 422 et
470 379 678 422 humores
706 391 824 421 trans
854 379 928 421 illa
960 379 1123 434 sugere.
1191 384 1238 420 6.
1268 381 1456 424 Perinde

170 447 309 488 etiam
333 447 435 496 fuit,
478 445 546 486 seu
568 457 590 485 a
609 443 755 486 radice
775 443 844 485 seu
877 444 998 484 caule
1028 443 1152 484 frusta
1187 445 1259 485 illa
1293 446 1457 487 abscin-

168 509 347 564 derem3
382 511 484 566 quin
523 510 617 550 imo
656 521 702 559 7.
739 520 837 548 cum
876 508 1092 548 eiusmodi
1123 505 1248 547 frusta
1278 522 1456 561 partem

165 576 325 617 radicis
347 587 389 618 et
412 574 555 616 trunci
578 572 1013 626 complecterentur,
1056 570 1223 612 transsit
1247 584 1345 622 aer,
1369 573 1456 614 siue

169 652 251 693 per
280 652 373 680 eam
406 639 766 687 extremitatem,
807 650 913 690 quae
944 637 1072 677 radix
1100 646 1220 685 erat,
1264 635 1348 676 flue
1379 651 1457 691 per

168 703 352 744 alteram
381 703 683 744 insufflaretur.
750 703 872 744 quat
912 713 1058 742 autem
1100 699 1239 740 ssuido
1270 701 1455 743 immer-

165 777 270 819 gere
303 769 640 808 extremitatem
671 766 810 817 frusti,
855 777 900 806 vt
936 765 1214 819 egredientes
1237 777 1291 806 ex
1314 765 1457 808 fluido

164 829 352 872 bullulae
385 831 613 873 transitum
645 832 756 872 aeris
786 830 1035 872 ostendant.
1128 833 1168 869 8.
1209 829 1260 871 In
1295 841 1457 873 trunco

164 893 235 935 seu
272 895 392 936 caule
433 896 610 949 plantae
649 897 884 937 duodecim
926 895 1189 947 distinguere
1231 893 1457 936 fasciculos

164 960 379 1000 eiusmodi
400 961 652 1001 constanter
673 961 801 1012 licet,
831 959 1115 1000 foraminibus
1138 957 1215 998 suis
1237 957 1454 1011 in-figucs;‚

166 1035 212 1073 9.
233 1022 380 1064 Vacua
401 1023 485 1065 effe
507 1023 722 1064 foramina
743 1024 796 1064 ad
827 1022 986 1064 sensum
1012 1033 1162 1074 patet,
1204 1023 1401 1063 maxime
1424 1023 1452 1063 si

165 1087 347 1126 orbiculi
383 1087 500 1127 inter
536 1087 687 1128 lumen
726 1097 770 1127 et
811 1087 986 1128 oculum
1029 1095 1251 1139 pon-antur
1302 1087 1456 1128 medii.

168 1161 243 1190 ιο.
275 1150 496 1192 Numerus
520 1163 563 1192 et
599 1154 714 1193 ordo
748 1162 792 1192 et
825 1151 1085 1204 magnitudo
1111 1149 1383 1191 foraminum
1407 1152 1454 1191 in

162 1211 334 1264 singulis
357 1212 561 1254 fasciculis
584 1227 675 1254 non
700 1215 804 1255 nihil
826 1214 1002 1255 differre
1022 1214 1130 1255 visus
1167 1214 1252 1253 est:
1303 1213 1374 1253 sed
1409 1216 1454 1255 ir}

166 1275 327 1314 eodem
352 1273 573 1324 fasciculo,
612 1289 739 1329 quem
763 1278 807 1315 in
831 1276 1019 1328 pluribus
1042 1276 1247 1317 orbiculis
1269 1276 1341 1317 fibi
1363 1277 1450 1318 suc-

165 1336 416 1377 cedentibus
440 1340 712 1387 examin-aui,
754 1339 1049 1380 differentiam
1078 1339 1320 1380 sensibilem
1354 1343 1450 1382 nul-

164 1400 250 1442 lam
271 1400 375 1441 vidi.
447 1414 465 1441 1
481 1415 521 1441 ι.
542 1402 666 1442 Idem
689 1401 766 1442 fuit
789 1402 1090 1443 fasciculorum
1125 1415 1356 1453 numeru8‚
1397 1406 1448 1446 st-

163 1475 217 1504 ne
239 1464 418 1519 propius
433 1462 491 1506 'ad
513 1466 706 1506 radicem
737 1465 954 1507 secaretur
984 1466 1139 1517 caulis,
1181 1466 1266 1508 fiuc
1294 1480 1447 1511 remo·
1483 1521 1485 1523 V

162 1530 257 1569 tius.
331 1542 403 1569 12.
436 1530 549 1587 Quin
579 1530 673 1570 imo
702 1529 821 1571 idem
852 1542 1056 1572 numerus
1076 1532 1119 1572 in
1140 1533 1298 1584 ramis·,
1369 1546 1445 1586 13.

161 1591 285 1634 Idem
306 1594 350 1634 in
375 1593 541 1635 surculo
563 1594 777 1636 tendente
799 1595 852 1635 ad
875 1594 1056 1637 fructum
1081 1623 1092 1644 ,
1148 1610 1223 1647 14.
1254 1606 1296 1636 ct
1327 1596 1445 1638 idem

166 1656 418 1711 plerumque
449 1671 649 1700 numerus
679 1659 931 1700 cellularum
964 1660 1006 1700 in
1036 1659 1130 1712 ipso
1164 1659 1324 1708 fructu,
1366 1660 1444 1700 sal-

164 1730 257 1760 tem
277 1721 347 1761 vbi
371 1721 578 1774 perfectus
609 1725 838 1778 apparuit3
874 1736 1059 1778 namque
1091 1724 1134 1763 in
1165 1723 1256 1764 aliis
1288 1723 1442 1764 decem

163 1784 396 1838 aliquando
418 1797 486 1828 aut
509 1790 710 1830 vndecim
736 1789 974 1830 numeraui.
1050 1800 1122 1838 15.
1147 1787 1197 1828 In
1221 1787 1444 1840 peduncu-

162 1847 213 1888 lis
243 1848 447 1891 fructuum
479 1852 622 1905 plures
651 1853 983 1907 conspiciuntur
1022 1865 1149 1905 quam
1185 1851 1442 1902 duodecim,

163 1911 232 1952 sed
273 1914 611 1958 ramificationes
649 1917 742 1958 sunt
772 1917 951 1957 illorum
984 1916 1249 1966 duodecim,
1285 1916 1356 1970 qui
1385 1928 1442 1958 ex

158 1976 328 2017 surculo
358 1980 562 2032 veniunt,
602 1984 665 2023 vti
693 1981 845 2022 videre
874 1981 955 2030 est,
1003 1979 1031 2020 fi
1064 1981 1280 2020 nudentur
1310 1980 1438 2020 vesti·

162 2052 319 2082 mento
349 2042 420 2084 suo
451 2045 582 2088 fibrae
611 2045 691 2087 hae
722 2047 775 2087 ad
795 2058 926 2098 vsque
950 2045 1170 2098 originem
1195 2044 1444 2098 pedunculi‘.

160 2105 333 2149 Contra
355 2120 464 2151 vero
489 2115 564 2152 16.
596 2111 641 2153 in
661 2110 915 2166 pedunculis
938 2108 1148 2152 foliorum
1180 2108 1288 2150 tales
1321 2108 1438 2150 fasci«

1352 2169 1440 2212 culti
