1976 2605
127 152 417 215 ‘METALn
436 147 653 216 ΑΤρυΕ
678 146 931 198 Vinion.
967 148 1278 199 MOMENT.
1322 174 1413 214 219

128 280 211 323 buli
242 279 302 321 ita
343 286 468 317 erant
505 272 688 314 formati
709 281 757 314 vt
781 269 994 313 alteruter
1021 287 1039 314 1
1069 273 1212 328 digito
1236 275 1419 329 longior

128 345 253 387 alteri
284 340 490 382 existeret
517 338 606 390 Fig.
636 350 673 377 1.

257 409 294 458 §‚
340 425 415 464 15.
485 409 621 454 Binos
654 407 826 449 tubulos
859 407 1057 458 adhibui,
1099 418 1146 450 vt
1178 423 1233 451 eo
1258 423 1412 463 prom-

127 482 209 524 tius
240 477 510 532 sphaerulam
544 471 734 525 implere
756 482 800 512 et
825 472 877 513 de
901 472 1166 513 certitudine
1199 477 1417 527 repletio·

127 546 192 587 nis
220 540 505 584 omnimodae
542 537 711 578 certior
751 535 835 576 esse
873 535 1058 590 possem.
1133 538 1415 594 Quandoqiii,

128 611 231 650 dem
256 606 444 660 repletio
464 602 610 658 globi,
655 612 743 654 ope
770 601 880 654 ignis
903 601 1118 650 instituta,
1161 612 1204 642 et
1234 603 1414 643 difficul-

129 683 197 713 ter
230 671 448 720 succedit,
504 677 547 708 et
577 665 781 707 bullulam
817 677 993 707 aeream
1028 678 1341 719 nonnunquam
1375 669 1417 708 in

128 736 351 790 sphaerula
373 734 600 788 relinquet.
668 729 853 773 Duobus
872 742 984 771 vero
1005 731 1160 772 tubulis
1182 732 1325 785 eisque
1351 732 1415 770 in-

127 799 312 852 aequalis
339 796 626 852 longitudinis
647 795 842 848 sugendo
865 808 1000 837 vnum
1027 795 1214 837 alterum
1237 796 1413 836 breuio-

123 876 216 905 rem
239 864 280 903 in
298 876 448 918 aquam
470 861 759 904 immittendo
781 859 875 903 cito
897 870 940 903 et
963 870 1065 903 tuto
1096 861 1414 916 operationem

121 926 302 982 perfeci.

249 1009 286 1056 §.
319 1017 391 1053 16.
443 1011 683 1065 Repletum
710 1022 816 1064 aqua
840 1012 1172 1053 instrumentum
1199 1011 1239 1050 in
1261 1023 1411 1065 nquam

123 1074 371 1118 sei-nentem
399 1076 555 1117 immisi
584 1087 627 1116 et
651 1075 895 1116 descensum
933 1086 1298 1116 momentaneum
1333 1075 1410 1114 ob-

120 1141 310 1190 seriiaui,
352 1150 396 1180 et
427 1140 600 1194 quidem
627 1152 682 1179 eo
706 1139 802 1193 ipso
825 1141 868 1181 in
894 1136 1133 1180 momento
1157 1151 1243 1193 quo
1268 1138 1413 1192 phiala

119 1204 367 1245 feruentem
424 1217 575 1258 aquam
636 1205 857 1255 intraret,
931 1216 1060 1258 quem
1108 1203 1408 1258 insequabatur

120 1268 310 1306 ascensus
351 1267 544 1319 liquoris.
629 1269 900 1318 Exemptam
941 1267 1131 1319 phialam
1174 1270 1215 1307 in
1255 1279 1406 1320 aquam

122 1330 260 1382 glacie
295 1342 560 1382 permixtam
595 1329 813 1380 immersi,
849 1341 892 1370 et
927 1331 1075 1371 saltum
1099 1334 1164 1373 seu
1194 1331 1410 1372 ascensum

123 1405 489 1434 momentaneum
522 1393 637 1441 vidi,
678 1406 765 1445 quo
801 1397 1006 1445 pei-asto,
1049 1408 1152 1449 aqua
1182 1398 1225 1436 in
1266 1396 1411 1449 phiala

119 1457 296 1507 sensim,
339 1469 422 1509 pro
460 1466 587 1495 more
620 1455 922 1498 descendebat.

251 1535 287 1584 §-
334 1551 406 1591 17.
476 1538 582 1582 Non
606 1536 702 1578 fieri
725 1539 866 1592 posse,
905 1540 1232 1581 coniiciendum
1258 1541 1406 1581 omni·

123 1617 180 1646 no
213 1604 343 1655 esset,
385 1605 501 1659 quod
531 1614 621 1644 tam
654 1616 970 1644 momentanea
995 1605 1199 1647 dilatatio
1223 1616 1265 1646 et
1296 1619 1405 1646 con-

122 1671 278 1711 tractio
300 1671 417 1719 vitri,
442 1682 496 1710 ex
520 1668 703 1709 materia
727 1668 824 1709 saitis
846 1671 1077 1722 comp-„ista
1100 1683 1146 1710 :ic
1171 1672 1273 1710 dura
1294 1683 1403 1711 con·

124 1733 291 1784 stantis,
323 1735 430 1775 oriri
454 1731 604 1788 possit,
647 1745 744 1773 cum
767 1733 867 1774 alias
897 1735 1148 1775 coiitrzic'tio
1181 1746 1306 1788 atque
1340 1734 1405 1774 di·

121 1796 277 1838 latatio
299 1810 535 1854 corporum
569 1797 794 1839 duriorum
826 1810 872 1839 vt
903 1797 1142 1853 plurimum
1180 1796 1404 1840 succeffiue

122 1874 378 1916 peragatur,
418 1863 554 1905 trac'tu
577 1864 800 1918 temporis
823 1863 998 1905 demum
1025 1863 1340 1918 perceptibilis.

251 1941 287 1988 §.
331 1951 401 1988 18.
470 1947 761 2004 Quapropter
792 1947 1152 2000 experimentum
1185 1944 1268 1986 lioc
1301 1954 1399 1986 ten—

124 2010 209 2050 t:iiii
242 2012 285 2050 in
308 2010 445 2063 phiala
476 2011 749 2062 orichalcea‚
790 2012 906 2053 cuius
939 2011 1028 2051 bini
1067 2010 1201 2051 tubuli
1238 2011 1398 2052 canaii-

120 2075 223 2114 culis
245 2076 416 2126 vitreis,
457 2076 675 2130 prioribus
697 2075 923 2125 similibus,
965 2086 1089 2116 erant
1111 2074 1296 2116 instructi
1318 2076 1396 2115 eis·

118 2151 198 2193 que
222 2139 369 2181 inserti
395 2150 438 2182 et
459 2140 574 2183 lacca
593 2139 848 2196 sigillatori-,i
871 2140 1047 2182 firmati.
1094 2140 1395 2194 Experimen-

702 2206 771 2248 Ec
799 2218 823 2245 2
1300 2213 1393 2243 tum

1461 361 1526 399 [θὶς.

1565 369 1577 390 l'
1586 385 1589 390 .
