1976 2605
539 172 629 210 225
670 150 1304 211 CONF1RM.D1LATAT.
1343 155 1557 220 ATQUE
1577 153 1798 206 coum,

662 280 698 328 §.
739 299 821 337 43.
887 279 1004 320 Haec
1039 276 1240 317 machina
1273 276 1316 316 in
1354 276 1441 318 olla
1478 290 1582 332 aqua
1612 280 1804 323 feruente

533 349 706 403 repleta
751 358 794 386 et
832 343 955 395 super
995 341 1141 394 prunis
1175 339 1316 393 poslta
1342 351 1399 398 &vt
1431 341 1600 394 semper
1633 343 1806 386 ebulliat

532 424 636 465 apta
668 410 892 450 vide-batur
936 406 1151 453 indicare,
1188 414 1335 444 vtrum
1374 404 1535 444 annulo
1569 419 1732 458 cupreo
1768 410 1806 448 A

537 473 768 525 contingat
800 470 989 511 mutatio
1015 478 1351 518 momentanea,
1394 481 1446 509 an
1467 468 1562 520 post
1589 469 1808 512 defluxum

534 538 673 579 horae
705 532 940 576 succeffiua.
1007 531 1124 573 Item
1152 531 1330 584 frigidae
1358 533 1560 573 immersa
1587 543 1731 574 vtrum
1754 546 1807 575 ex
1857 560 1867 567 -

536 601 844 643 contractione
874 595 1067 637 declinet
1098 595 1233 638 index
1257 594 1329 637 vel
1355 597 1398 637 iu
1426 606 1663 638 momento
1681 624 1693 648 ,
1740 597 1818 637 vel

535 664 633 721 post
667 661 842 718 aliquod
870 670 1058 714 tempus.

667 723 705 771 §.
748 743 828 780 44.
894 724 1262 778 Experimentum
1299 723 1442 777 itaque
1477 723 1720 766 institutum
1755 723 1812 764 est

536 792 583 834 in
606 803 709 845 aqua
727 790 925 831 semente
944 799 1070 843 atque
1087 786 1211 840 super
1232 789 1379 840 prunis
1398 790 1612 829 continuo
1630 788 1811 829 bullien-

536 865 610 906 te,
651 866 693 896 at
725 867 862 909 neque
892 861 1208 894 momentanea
1236 852 1438 892 dilatatio
1467 852 1611 892 annuli
1641 852 1810 904 cuprei,

538 931 679 971 neque
698 915 918 958 succeffiua
936 917 1260 969 percipiebatur
1275 943 1286 964 ,
1307 927 1349 955 et
1369 928 1609 969 quanquam
1631 928 1711 968 per
1731 915 1816 955 ho-

536 994 603 1023 ras
627 982 725 1022 duas
755 989 799 1020 et
829 979 942 1020 vltra
976 980 1019 1019 in
1041 978 1119 1017 hac
1137 979 1346 1017 continua
1368 977 1692 1018 efferuescentia
1714 991 1813 1031 per-

537 1052 738 1083 maneret
765 1042 1096 1081 instrumentum
1113 1067 1124 1088 ‚
1151 1051 1299 1081 tamen
1317 1041 1451 1080 index
1478 1040 1604 1080 situm
1627 1042 1740 1080 suum
1763 1052 1819 1081 ne

540 1106 593 1146 ad
614 1115 892 1146 momentum
915 1102 1110 1142 mutauit.
1177 1101 1228 1141 In
1256 1101 1411 1151 frigida
1439 1104 1574 1140 etiam
1602 1114 1656 1140 ne
1685 1104 1815 1140 mini-

538 1178 612 1210 ma
639 1167 813 1222 quidem
844 1165 1093 1207 contractio
1127 1163 1445 1203 obseruabatur.

672 1226 709 1273 §.
750 1241 828 1287 45„
894 1229 983 1269 Hac
1003 1227 1177 1268 ratione
1199 1236 1240 1264 et
1262 1227 1346 1265 hoc
1375 1226 1707 1265 instrumentum
1736 1225 1817 1276 hy-

539 1292 717 1348 pothefi
743 1291 1059 1333 contrastionis
1079 1297 1121 1328 et
1144 1287 1413 1328 dilatationis
1440 1285 1721 1326 metallorum
1748 1296 1818 1328 aut

540 1359 648 1399 ‘vitri
677 1368 815 1409 neque
843 1353 1040 1402 fauebat,
1098 1363 1233 1404 neque
1261 1348 1610 1391 controuerfiam
1641 1350 1816 1390 dirime-

540 1421 638 1470 bat,
679 1421 722 1459 in
758 1428 954 1464 tantum,
995 1413 1112 1467 quod
1158 1413 1317 1453 exinde
1345 1413 1523 1464 probari
1549 1412 1700 1465 poffit,
1741 1413 1818 1454 sal·-

544 1492 643 1524 tum
663 1481 845 1535 liquoris
863 1491 918 1520 ex
938 1489 992 1516 eo
1013 1475 1264 1528 prouenire.
1331 1475 1433 1516 Imo
1451 1476 1547 1529 quia
1569 1479 1702 1516 etiam
1724 1477 1822 1530 post

545 1546 871 1587 diuturniorem
899 1540 1152 1581 coCtionem
1182 1537 1341 1578 nullam
1375 1540 1670 1580 mutationem
1704 1541 1817 1580 indi-

546 1618 693 1658 caret,
734 1607 969 1659 suspestum
988 1602 1074 1643 hoc
1095 1601 1200 1642 mihi
1220 1601 1346 1643 valde
1367 1602 1643 1644 reddebatur.

677 1666 715 1713 9.
754 1675 835 1723 4⁶·
902 1665 1263 1724 Quandoquidem
1284 1666 1426 1718 itaque
1451 1668 1589 1717 prima
1620 1664 1819 1707 machina

548 1742 753 1789 tanquam
781 1731 905 1773 valde
928 1728 1175 1783 composita
1194 1728 1324 1769 fallax
1344 1728 1594 1779 videbatur,
1633 1741 1681 1769 ac
1705 1728 1735 1769 fi
1764 1741 1821 1771 ex

551 1799 756 1840 frictione
776 1796 1073 1850 frequentiore
1094 1792 1395 1833 absorberetur
1414 1793 1658 1835 contractio
1690 1803 1732 1833 et
1756 1794 1820 1832 di·

549 1862 708 1902 latatio
736 1863 778 1902 in
809 1860 886 1900 filo
922 1856 1173 1899 orichalceo
1205 1856 1325 1897 fasta.
1394 1857 1546 1897 Altera
1578 1855 1819 1908 Biilffinge-

553 1927 674 1966 riana
718 1925 850 1965 etiam
901 1931 1065 1963 certam
1106 1920 1419 1960 diremtionem
1461 1920 1551 1960 litis
1594 1932 1683 1960 non
1723 1920 1822 1960 satis

554 1988 669 2027 clare
713 1989 933 2027 euinceret
972 1997 1210 2039 quanquam
1246 1995 1340 2024 earn
1377 1983 1602 2024 indicaret.
1669 1983 1820 2024 Tertia

555 2063 725 2104 quoque
760 2051 966 2098 haberet,
1004 2049 1120 2102 quod
1145 2046 1538 2088 contradicentibus
1567 2047 1713 2087 iustam
1743 2058 1817 2086 oc-

558 2113 775 2155 casionem
798 2112 1073 2168 suppeditare
1104 2112 1244 2168 poss‘et
1281 2110 1331 2152 de
1360 2110 1689 2166 impedimentis
1729 2119 1821 2150 non

1758 2171 1818 2214 fa·
