1976 2605
162 189 445 242 METALL.
467 182 685 250 ΑΤρυΕ
704 181 966 232 VITROR.
990 179 1302 231 MOMENT.
1355 203 1446 242 22³

291 312 469 353 Vltimo
492 309 596 350 loco
619 305 741 349 filum
760 317 840 347 aaa
857 304 1015 349 elastro
1034 305 1098 357 Η,
1132 303 1186 347 ad
1203 303 1450 360 longitudi-

164 389 266 420 nem
289 376 452 418 brachii
475 374 676 423 firmato,
696 371 898 425 alligatur
917 380 960 411 et
981 382 1071 424 ope
1090 369 1299 411 cochleae
1317 371 1352 412 E
1376 371 1450 412 ad-

162 442 342 485 ducatur
365 453 407 481 ct
431 439 636 485 tendatur
655 449 786 489 vsque
809 435 859 476 ad
879 435 1019 476 clastri
1041 436 1080 476 H
1099 433 1451 477 inclinationem.

294 508 364 549 Ad
391 516 520 547 axem
552 501 889 555 prominentem
907 497 947 541 G
978 499 1231 552 applicetur
1258 500 1451 542 indexK

166 570 322 625 longus
344 581 476 611 vnum
498 566 683 622 pedem,
722 566 768 606 in
789 566 1017 605 anteriore
1037 572 1163 617 parte
1193 563 1347 613 trabis,
1388 564 1452 606 su-

165 649 244 689 per
289 636 398 677 line-‚i
416 660 428 684 ,
472 633 525 673 in·
544 628 874 682 longitudinem
906 628 1054 679 dueta,
1094 627 1453 669 contractionem

167 712 211 740 et
243 699 547 742 dilatationem
568 692 859 747 chordae,‘fi
885 705 993 748 quae
1027 692 1219 743 accidat,
1263 691 1454 733 declina-

166 766 290 806 tione
319 762 385 804 sua
414 761 694 802 indicaturus.

289 827 358 871 Ne
380 839 488 868 vcro
511 826 569 867 ob
595 823 776 865 nimiam
797 821 1125 877 longitudinem
1145 833 1190 863 et
1211 833 1267 864 ex
1284 819 1358 864 illa
1379 821 1454 863 de-

164 893 389 946 pendente
411 891 628 944 grauitate
649 887 826 930 flueruet
846 900 974 942 atque
993 885 1170 929 vacillet
1191 887 1453 929 indcszcd

162 955 288 997 sitnm
327 957 520 997 erectum
561 953 814 995 constanter
852 956 1071 1004 retineat,
1114 961 1157 993 et
1186 951 1314 1004 super
1337 951 1457 993 linea

165 1021 286 1062 duc'ta
324 1029 499 1061 maneat
519 1046 530 1068 ,
579 1019 783 1069 adaptaui
814 1018 867 1057 ad
906 1018 1046 1057 latera
1089 1015 1456 1070 parallelepipedi

163 1084 390 1125 anteriora
420 1084 519 1123 duas
547 1082 748 1134 pinnula>
773 1094 827 1122 zz
855 1083 897 1120 in
924 1081 1073 1133 quibus
1117 1091 1206 1131 ope
1243 1079 1456 1120 cochleae

164 1158 407 1202 perpetuae
423 1159 482 1200 y,
524 1145 654 1198 dirigi
685 1143 829 1197 potest
852 1143 1035 1185 fulcrum
1060 1143 1283 1196 quoddam
1306 1156 1357 1196 x,
1391 1145 1453 1185 su-

165 1225 245 1265 per
284 1211 418 1264 plano
458 1207 823 1264 parallelepipedi
859 1208 1075 1250 anteriori
1112 1201 1314 1249 versatile
1339 1223 1351 1259 ;
1404 1208 1455 1250 In

167 1275 318 1314 medio
337 1274 461 1314 fulcri
475 1275 624 1314 lateris
643 1273 879 1325 superioris
896 1274 1051 1313 incisae
1071 1284 1228 1314 cren-ae
1247 1271 1454 1313 insertum

169 1337 225 1377 cll
248 1335 447 1376 clastrum
474 1337 715 1376 rotundum
737 1335 761 1374 s.
789 1334 1001 1376 Elastrum
1024 1335 1162 1387 ipsum
1192 1336 1243 1375 ad
1262 1348 1285 1376 ν
1304 1334 1454 1377 firma-

171 1412 263 1440 tum
292 1399 353 1450 lit,
376 1412 418 1441 et
443 1401 482 1440 in
504 1413 539 1439 m
559 1400 829 1439 incuruatum
852 1399 902 1438 ad
921 1397 1124 1451 angulum
1147 1400 1332 1449 testum,
1348 1413 1456 1454 quae

171 1465 390 1505 incuruata
410 1463 561 1503 liirihm
586 1473 683 1514 pars
707 1462 977 1513 pertranseat
998 1473 1175 1501 crenam
1195 1463 1346 1503 indicis
1366 1467 1422 1505 K.

296 1527 434 1570 Indici
471 1525 524 1567 ad
559 1524 734 1567 inferius
768 1535 1022 1567 extremum
1062 1526 1245 1566 addatur
1276 1540 1454 1570 contra-

107 1627 119 1642 .
170 1593 451 1647 pondinmp‚
491 1603 578 1645 quo
600 1590 825 1631 mediante
842 1589 1041 1644 superior
1063 1592 1152 1631 eius
1176 1604 1274 1645 pars
1307 1593 1455 1650 longi·

171 1670 222 1698 or
243 1658 383 1699 credin
404 1668 605 1706 tenetur,
649 1666 702 1694 ne
730 1657 913 1709 propria
937 1655 1154 1708 grauitate
1173 1666 1281 1697 ruat.
1356 1658 1456 1711 Ope

174 1733 285 1762 vero
319 1720 528 1762 cochleae
558 1730 799 1775 perpetuae
816 1732 850 1772 y
879 1720 1084 1773 dirigitur
1106 1719 1302 1761 clastrum
1326 1721 1378 1772 S,
1410 1733 1455 1762 et

171 1797 251 1838 per
274 1785 379 1825 illud
407 1786 540 1827 index
565 1786 626 1836 K,
655 1795 703 1826 vt
732 1797 848 1840 apex
868 1786 958 1826 eius
984 1785 1108 1837 super
1132 1785 1279 1836 linea,
1321 1787 1457 1828 indici

168 1849 351 1892 siibzcsta
371 1862 564 1893 accurate
585 1850 711 1892 fitum
730 1850 847 1892 suum
866 1851 1112 1891 conseruet.

294 1915 477 1972 Quando
492 1916 636 1970 itaque
652 1928 737 1969 per
758 1914 1006 1958 trochleam
1029 1915 1058 1956 F
1079 1925 1285 1956 mouetur
1306 1914 1456 1969 index,

174 1990 274 2020 tunc
299 1978 450 2020 cedere
475 1980 621 2035 potest
645 1980 687 2019 in
709 1979 970 2020 alterutrum
991 1978 1100 2019 latus
1122 1977 1222 2020 leue
1250 1979 1452 2022 elastrum

174 2044 200 2084 S
232 2042 581 2098 quandoquidem
622 2044 791 2085 chorda
823 2042 896 2085 vel
921 2043 1149 2084 contracta
1175 2043 1247 2085 vel
1275 2043 1454 2086 dilatata

173 2108 421 2148 troclilcam
440 2109 470 2150 F
488 2121 639 2151 mouet
667 2108 720 2150 ad
747 2107 863 2149 cuius
891 2120 1017 2150 axem
1041 2107 1284 2162 applicatus
1303 2107 1361 2150 est
1384 2109 1451 2151 in-

175 2172 272 2227 dex,
287 2184 328 2214 et
351 2170 428 2214 hac
447 2174 621 2217 ratione
641 2175 833 2224 mutatio
853 2171 1202 2231 cliordaepotest
1214 2172 1452 2217 obseruari.

1289 2232 1328 2284 §.
1369 2250 1449 2292 31-
