1976 2605
122 147 368 241 Amor.
386 182 613 234 ETFXP.
627 181 718 228 AD
728 178 1078 230 REMSCLOP.
1093 182 1263 229 PERT.
1308 193 1369 232 26
1375 202 1397 243 ς

421 298 1106 364 ANNOTATIONES

739 392 795 428 «T

125 461 562 512 EXPERlMENTA
626 392 932 516 QUZLFDAM
998 457 1273 501 RARIORA
1327 457 1408 501 ET

245 526 505 574 CURIOSA
541 522 626 566 AD
668 522 796 565 REM
827 520 1290 564 SCLOPETARlAM

555 585 979 630 PERTINENTIA.

395 670 537 754 Joh.
580 665 791 751 Georg.
831 668 1146 729 Leutmcmn.

700 777 737 826 §-
782 796 821 823 1.

215 888 258 931 N
291 888 646 932 antecedentibus
678 887 812 928 Tom.
833 887 912 930 111.
943 884 1409 930 scil.Cornmentario·
1426 897 1503 928 rab.
1522 898 1625 931 xxv.

250 967 360 1004 rum,
401 954 583 994 modum
613 952 797 1002 tradidi,
822 953 1055 1006 quomodo
1103 951 1311 1002 sclopetis
1332 965 1410 994 co·
1451 942 1613 972 “XXV''

249 1018 407 1058 chleati
438 1017 537 1056 sulci
568 1017 682 1057 recte
716 1014 874 1067 poffint
904 1014 1053 1055 incidi.
1111 1009 1243 1054 Nunc
1281 1027 1410 1067 quae-

253 1082 347 1121 dam
394 1092 615 1131 exponam
666 1077 716 1116 ad
764 1079 1045 1117 intimiorem
1095 1077 1409 1128 cognitionem

130 1145 353 1183 rationum
385 1141 947 1195 spectanti21,accuratioris
978 1140 1275 1194 propulsionis
1310 1143 1410 1194 glo·

123 1206 210 1246 buli
246 1219 302 1246 ex
345 1206 549 1259 sclopetis
598 1205 834 1255 eiiciendi,
874 1218 978 1259 quae
1012 1204 1215 1246 hactenus
1246 1206 1411 1258 partim

125 1270 281 1321 ignota
309 1271 465 1319 partim
505 1281 586 1320 pro
617 1269 792 1308 secretis
821 1268 992 1308 fuerunt
1019 1268 1179 1309 habita.

257 1326 295 1373 §.
339 1344 379 1370 2.
448 1331 631 1373 Certum
672 1331 763 1379 cst,
806 1331 966 1371 lineam
1019 1345 1145 1384 quam
1192 1332 1407 1385 globulus,

129 1408 186 1436 ex
212 1395 408 1446 sclopeto
442 1397 684 1446 proiectus,
724 1394 946 1445 describit,
987 1408 1077 1434 non
1110 1396 1192 1435 effe
1230 1399 1409 1438 rec'tam.

130 1459 262 1500 Linea
288 1458 458 1511 quidem
488 1457 772 1503 directionis,
812 1470 938 1509 quam
969 1459 1092 1497 tubus
1136 1458 1319 1511 globulo
1366 1461 1408 1501 in

131 1521 388 1576 explosione
418 1522 658 1573 imprimit,
702 1522 864 1561 rectam
907 1521 1098 1561 intendit
1139 1523 1407 1576 progressio-

132 1599 265 1636 nem,
306 1587 373 1627 sed
412 1585 586 1637 duplum
625 1584 690 1624 hic
730 1585 1099 1639 impedimentum
1136 1587 1406 1639 obseruatur,

132 1661 215 1704 quo
247 1651 382 1690 minus
410 1651 449 1690 id
481 1648 574 1689 fieri
606 1648 763 1702 possit:

261 1709 295 1755 §.
340 1729 379 1765 3.
448 1714 546 1770 Quo
581 1715 754 1766 longius
782 1713 899 1753 enim
928 1715 1214 1766 progreditur
1250 1715 1404 1766 globu-

131 1777 220 1824 lus,
262 1789 316 1815 co
365 1779 495 1831 magis
541 1779 748 1818 decrescit
798 1779 860 1818 vis
915 1778 1161 1830 impellens.
1228 1778 1407 1820 Deinde

133 1842 320 1893 grauitas-
347 1841 507 1893 globuli
541 1844 710 1896 semper
740 1842 940 1882 deorsum
972 1843 1149 1892 tendit,
1193 1855 1234 1883 et
1268 1843 1341 1883 nisi
1363 1843 1406 1884 vi

134 1905 456 1957 propelleretur
476 1934 486 1954 ,
521 1907 658 1947 statim
693 1906 788 1960 post
817 1908 984 1947 exitum
1015 1920 1068 1947 ex
1100 1907 1206 1947 tubo
1231 1908 1405 1948 decide·

132 1981 215 2009 rer.
310 1969 488 2021 mpulsus
518 1972 660 2024 itaque
691 1971 866 2010 virtutis
894 1971 1141 2019 timuerim,
1164 1971 1406 2012 vehemens

135 2033 338 2085 quidem,
383 2035 582 2085 paulatim
634 2046 780 2074 tamen
831 2035 1002 2086 semper
1052 2036 1316 2084 remittens,
1357 2046 1403 2076 et

135 2099 321 2148 granim-
351 2097 510 2149 globuli
540 2099 719 2151 propria
744 2125 755 2148 ,
799 2108 968 2138 motum
993 2100 1238 2151 recipiens,
1273 2099 1404 2140 deor-

133 2160 223 2200 sum
260 2174 364 2202 vcro
390 2173 538 2203 natura
579 2163 794 2212 tendens,
835 2163 1064 2204 contrario
1118 2163 1204 2206 nisu
1251 2174 1401 2218 agunt,

626 2227 693 2270 Ll
735 2240 758 2267 2
1321 2228 1400 2266 do-
