1976 2605
693 117 780 166 DE
816 116 1029 165 ΜΕΝΕ.
1407 135 1493 179 163

214 247 257 289 in
280 259 336 287 eo
354 245 498 300 spatio
521 241 700 294 amplo,
741 241 858 295 quod
880 241 995 281 inter
1019 242 1153 284 costas
1175 242 1360 296 spuriis,
1394 244 1497 284 1)Ξ.ι,-

215 312 428 364 pliragma
460 319 502 347 et
535 305 840 346 Ventriculum
879 317 1059 346 vacuum
1085 307 1166 355 est,
1208 308 1325 360 quod
1358 319 1401 347 vt
1438 312 1498 348 iu-

213 379 346 424 utile,
393 382 656 425 nequaquam
689 369 965 409 consider-are
999 370 1116 411 licet.
1185 370 1403 412 Lubentci·
1435 373 1502 412 liic

217 438 465 480 testimonia
490 434 766 476 Medicorum
794 433 1027 482 adderem,
1063 435 1114 473 de
1138 446 1265 474 motu
1284 436 1428 476 Lienis
1459 438 1497 476 in

214 505 326 544 vivis
357 499 604 542 homiuibus
637 506 726 538 tam
751 496 884 536 oculo
915 509 1042 549 quam
1082 497 1229 537 auditu
1264 511 1498 551 pei-cepto,

216 567 324 607 item
352 565 464 619 signa
487 562 625 604 inflati
650 560 794 602 Lienis
818 560 882 599 vti
906 559 997 599 sunt
1022 560 1237 601 costarum
1261 563 1500 614 spuriarum

215 630 367 671 ssuistri
398 629 544 668 lateris
573 624 908 680 protuberantia
938 624 1081 664 versus
1115 624 1288 664 dorsum
1313 638 1498 679 progre-

220 695 362 741 diens,
403 692 558 741 aestus,
610 689 818 742 pulsati0‚
871 698 1023 728 tumor
1058 698 1101 729 et
1134 690 1324 741 grauitas
1354 689 1498 743 hypo-

216 756 418 796 chondrii
438 755 614 803 sinistri,
639 754 866 794 cont-actus
888 753 1045 792 tumidi
1068 753 1286 794 lienis-&0
1328 753 1413 795 Sed
1438 755 1499 794 su·

212 832 290 873 pm
321 819 507 872 allegata
528 818 840 859 phaenomena
861 819 1131 858 Anatomica
1154 818 1232 858 hac
1257 818 1354 858 vice
1378 819 1503 860 nobis

212 882 438 924 sufficiunt.
507 883 575 925 Ex
598 881 713 923 hisce
734 882 954 922 concludo
977 882 1290 935 probabiliter,
1313 883 1499 924 Lienem

209 948 254 988 in
278 949 380 989 viuo
403 948 597 988 Homine
627 947 754 987 instar
774 945 907 987 Follis
930 946 1227 986 inflationibus
1251 946 1498 988 obnoxium

211 1011 319 1060 effe,
371 1010 625 1065 molemque
667 1011 756 1050 eius
796 1011 1017 1051 interdum
1060 1011 1320 1051 naturaliter
1350 1012 1499 1063 augeri

206 1076 430 1116 interdum
462 1075 668 1124 diminui,
708 1087 953 1128 corpusque
975 1075 1118 1115 Lienis
1141 1076 1328 1128 spatium
1350 1074 1497 1128 hypo·

207 1138 415 1181 chondrii
442 1151 623 1180 vacuum
644 1138 761 1189 (vid.
797 1152 837 1179 1.
869 1138 1140 1192 phaenom.)
1168 1139 1399 1192 aliquando
1424 1152 1496 1178 re-

206 1203 348 1254 plere,
371 1203 458 1243 alio
479 1215 588 1244 vero
609 1213 820 1255 tempore
844 1215 935 1242 non
958 1203 1148 1254 replere,
1175 1202 1250 1243 etsi
1275 1203 1316 1240 in
1341 1202 1496 1243 sanita-

208 1265 265 1304 tis
288 1265 393 1304 statu
414 1276 560 1304 earum
582 1265 880 1304 mutationum
905 1263 1064 1304 nullam
1084 1264 1376 1305 sens-ationem
1396 1278 1496 1319 per-

211 1328 433 1380 cipiamus.
506 1326 831 1383 Quamobrem,
875 1326 1094 1380 duplicem
1119 1328 1399 1369 inflationem
1427 1330 1495 1372 seu

210 1391 592 1432 intumescenti-am
618 1389 763 1429 Lienis
795 1388 979 1429 statuere
1010 1390 1211 1442 procliue
1242 1392 1321 1441 est,
1360 1405 1493 1434 vnum

208 1455 452 1495 violentam
471 1463 514 1494 et
538 1451 988 1507 praeternaturalem,
1022 1453 1206 1494 alteram
1228 1455 1489 1507 naturalem,

209 1518 440 1572 benignam
480 1516 866 1571 necessariamque,
916 1529 1045 1571 quam
1084 1530 1235 1561 veram
1271 1521 1492 1562 astionem

207 1583 351 1624 Lienis
389 1581 583 1637 appello.

151 1643 155 1645 ’
334 1643 371 1690 9.
411 1652 454 1688 6.
524 1647 575 1688 In
606 1659 661 1687 eo
694 1645 923 1688 difficultas
945 1647 1034 1688 sola
1057 1659 1167 1688 nunc
1189 1649 1403 1700 versatur,
1441 1659 1489 1692 vt

208 1712 355 1763 Agens
374 1711 442 1750 seu
468 1711 510 1752 id
529 1711 647 1766 quod
668 1711 882 1765 sanguinis
902 1713 946 1752 in
965 1713 1102 1754 Liene
1126 1725 1301 1754 motum
1325 1713 1484 1764 sistere,

209 1775 296 1815 eius
354 1775 694 1817 exundationem
758 1777 955 1818 excitare
1018 1776 1486 1832 intumescentiamque

206 1839 317 1879 adeo
347 1839 488 1881 Lienis
516 1841 763 1894 producere
795 1842 963 1895 potest,
1007 1835 1295 1895 assequamur:
1364 1843 1486 1884 Alias

206 1903 324 1943 enim
345 1905 672 1947 intumescentia
692 1906 837 1946 Lienis
858 1905 954 1946 fieri
975 1905 1075 1946 haut
1101 1905 1268 1959 potest,
1313 1905 1388 1946 etsi
1408 1920 1484 1948 ve-

205 1978 358 2007 narum
388 1970 552 2010 tunicae
582 1968 837 2023 perforatae
866 1969 973 2019 sint,
1023 1970 1118 2024 quia
1149 1982 1246 2010 cum
1278 1969 1358 2011 hae
1389 1980 1483 2012 tum

204 2030 384 2072 cellulae
408 2032 510 2073 nisui
529 2034 740 2088 sanguinis
760 2034 842 2075 sese
874 2046 1109 2088 opponere
1138 2033 1302 2076 valent.
1370 2035 1484 2078 Illud

201 2105 313 2136 vero
332 2097 480 2151 Agens
499 2110 601 2141 num
622 2099 739 2141 forte
763 2099 1028 2142 ventriculus
1051 2099 1255 2142 dicendus
1275 2095 1363 2144 est?

783 2164 826 2206 X
858 2177 882 2205 2
1395 2163 1480 2206 DE
