<?xml version="1.0" encoding="UTF-8"?>
<!DOCTYPE html PUBLIC "-//W3C//DTD XHTML 1.0 Transitional//EN"
    "http://www.w3.org/TR/xhtml1/DTD/xhtml1-transitional.dtd">
<html xmlns="http://www.w3.org/1999/xhtml" xml:lang="en" lang="en">
 <head>
  <title>
</title>
<meta http-equiv="Content-Type" content="text/html;charset=utf-8" />
  <meta name='ocr-system' content='tesseract 3.04.00' />
  <meta name='ocr-capabilities' content='ocr_page ocr_carea ocr_par ocr_line ocrx_word'/>
</head>
<body>
  <div class='ocr_page' id='page_1' title='image "./commentariiacade04impe/commentariiacade04impe_0145.png"; bbox 0 0 1976 2605; ppageno 0'>
   <div class='ocr_carea' id='block_1_1' title="bbox 424 133 1425 199">
    <p class='ocr_par' dir='ltr' id='par_1_1' title="bbox 424 133 1425 199">
     <span class='ocr_line' id='line_1_1' title="bbox 424 133 1425 199; baseline -0.006 -14"><span class='ocrx_word' id='word_1_1' title='bbox 424 137 514 186; x_wconf 85' lang='lat' dir='ltr'>DE</span> <span class='ocrx_word' id='word_1_2' title='bbox 557 135 818 185; x_wconf 74' lang='lat' dir='ltr'>srmssvs</span> <span class='ocrx_word' id='word_1_3' title='bbox 861 133 1140 184; x_wconf 63' lang='lat' dir='ltr'>cruam.</span> <span class='ocrx_word' id='word_1_4' title='bbox 1334 159 1351 185; x_wconf 68' lang='lat'>1</span> <span class='ocrx_word' id='word_1_5' title='bbox 1366 160 1388 198; x_wconf 73' lang='lat' dir='ltr'>a</span> <span class='ocrx_word' id='word_1_6' title='bbox 1401 160 1425 199; x_wconf 75' lang='lat' dir='ltr'>a</span> 
     </span>
    </p>
   </div>
   <div class='ocr_carea' id='block_1_2' title="bbox 134 260 1431 2240">
    <p class='ocr_par' dir='ltr' id='par_1_2' title="bbox 135 260 1431 1983">
     <span class='ocr_line' id='line_1_2' title="bbox 146 260 1427 317; baseline 0 -13"><span class='ocrx_word' id='word_1_7' title='bbox 146 267 247 308; x_wconf 79' lang='lat' dir='ltr'>bere</span> <span class='ocrx_word' id='word_1_8' title='bbox 280 274 442 317; x_wconf 85' lang='lat' dir='ltr'>operae</span> <span class='ocrx_word' id='word_1_9' title='bbox 475 261 668 316; x_wconf 88' lang='lat' dir='ltr'>pretium</span> <span class='ocrx_word' id='word_1_10' title='bbox 697 260 845 302; x_wconf 57' lang='lat' dir='ltr'>visum*</span> <span class='ocrx_word' id='word_1_11' title='bbox 865 260 937 302; x_wconf 89' lang='lat' dir='ltr'>est.</span> <span class='ocrx_word' id='word_1_12' title='bbox 1014 260 1076 303; x_wconf 90' lang='lat' dir='ltr'>Vt</span> <span class='ocrx_word' id='word_1_13' title='bbox 1107 261 1141 304; x_wconf 86' lang='lat' dir='ltr'>is</span> <span class='ocrx_word' id='word_1_14' title='bbox 1171 260 1216 302; x_wconf 91' lang='lat' dir='ltr'>in</span> <span class='ocrx_word' id='word_1_15' title='bbox 1243 263 1427 317; x_wconf 86' lang='lat' dir='ltr'>conspe-</span> 
     </span>
     <span class='ocr_line' id='line_1_3' title="bbox 143 323 1429 381; baseline -0.001 -11"><span class='ocrx_word' id='word_1_16' title='bbox 143 329 258 371; x_wconf 72' lang='lat' dir='ltr'>&lt;stum</span> <span class='ocrx_word' id='word_1_17' title='bbox 290 329 469 376; x_wconf 84' lang='lat' dir='ltr'>veniat,</span> <span class='ocrx_word' id='word_1_18' title='bbox 521 323 678 379; x_wconf 79' lang='lat' dir='ltr'>primo&#39;</span> <span class='ocrx_word' id='word_1_19' title='bbox 702 324 810 366; x_wconf 87' lang='lat' dir='ltr'>finus</span> <span class='ocrx_word' id='word_1_20' title='bbox 839 324 975 378; x_wconf 78' lang='lat' dir='ltr'>vulgo</span> <span class='ocrx_word' id='word_1_21' title='bbox 1008 335 1138 367; x_wconf 88' lang='lat' dir='ltr'>notus</span> <span class='ocrx_word' id='word_1_22' title='bbox 1167 328 1429 381; x_wconf 85' lang='lat' dir='ltr'>aperiendus</span> 
     </span>
     <span class='ocr_line' id='line_1_4' title="bbox 143 390 1427 447; baseline 0.001 -13"><span class='ocrx_word' id='word_1_23' title='bbox 143 392 227 443; x_wconf 83' lang='lat' dir='ltr'>est,</span> <span class='ocrx_word' id='word_1_24' title='bbox 265 394 336 447; x_wconf 89' lang='lat' dir='ltr'>qui</span> <span class='ocrx_word' id='word_1_25' title='bbox 356 393 472 432; x_wconf 89' lang='lat' dir='ltr'>inter</span> <span class='ocrx_word' id='word_1_26' title='bbox 492 391 600 432; x_wconf 85' lang='lat' dir='ltr'>duos</span> <span class='ocrx_word' id='word_1_27' title='bbox 619 390 764 442; x_wconf 82' lang='lat' dir='ltr'>apices</span> <span class='ocrx_word' id='word_1_28' title='bbox 787 390 1099 443; x_wconf 81' lang='lat' dir='ltr'>hemisphaerii</span> <span class='ocrx_word' id='word_1_29' title='bbox 1118 391 1218 432; x_wconf 85' lang='lat' dir='ltr'>AA.</span> <span class='ocrx_word' id='word_1_30' title='bbox 1241 392 1285 431; x_wconf 89' lang='lat' dir='ltr'>in</span> <span class='ocrx_word' id='word_1_31' title='bbox 1317 394 1427 434; x_wconf 84' lang='lat' dir='ltr'>eius·</span> 
     </span>
     <span class='ocr_line' id='line_1_5' title="bbox 141 452 1425 509; baseline 0 -11"><span class='ocrx_word' id='word_1_32' title='bbox 141 457 242 498; x_wconf 89' lang='lat' dir='ltr'>dem</span> <span class='ocrx_word' id='word_1_33' title='bbox 273 458 412 498; x_wconf 83' lang='lat' dir='ltr'>latere</span> <span class='ocrx_word' id='word_1_34' title='bbox 443 455 622 496; x_wconf 86' lang='lat' dir='ltr'>interno</span> <span class='ocrx_word' id='word_1_35' title='bbox 654 452 808 493; x_wconf 84' lang='lat' dir='ltr'>falcem</span> <span class='ocrx_word' id='word_1_36' title='bbox 840 454 1105 506; x_wconf 82' lang='lat' dir='ltr'>respiciente</span> <span class='ocrx_word' id='word_1_37' title='bbox 1130 454 1425 509; x_wconf 88' lang='lat' dir='ltr'>superficiete-</span> 
     </span>
     <span class='ocr_line' id='line_1_6' title="bbox 142 517 1431 571; baseline 0.001 -8"><span class='ocrx_word' id='word_1_38' title='bbox 142 533 219 563; x_wconf 81' lang='lat' dir='ltr'>nus</span> <span class='ocrx_word' id='word_1_39' title='bbox 250 530 480 563; x_wconf 86' lang='lat' dir='ltr'>excauatus</span> <span class='ocrx_word' id='word_1_40' title='bbox 511 518 602 568; x_wconf 85' lang='lat' dir='ltr'>est,</span> <span class='ocrx_word' id='word_1_41' title='bbox 652 528 869 571; x_wconf 86' lang='lat' dir='ltr'>quemque</span> <span class='ocrx_word' id='word_1_42' title='bbox 905 526 1006 558; x_wconf 89' lang='lat' dir='ltr'>tota</span> <span class='ocrx_word' id='word_1_43' title='bbox 1037 517 1172 557; x_wconf 82' lang='lat' dir='ltr'>massa</span> <span class='ocrx_word' id='word_1_44' title='bbox 1206 521 1431 564; x_wconf 84' lang='lat' dir='ltr'>corticalis</span> 
     </span>
     <span class='ocr_line' id='line_1_7' title="bbox 143 580 1425 638; baseline -0.001 -11"><span class='ocrx_word' id='word_1_45' title='bbox 143 585 477 638; x_wconf 83' lang='lat' dir='ltr'>medullarisque</span> <span class='ocrx_word' id='word_1_46' title='bbox 510 581 782 636; x_wconf 82' lang='lat' dir='ltr'>vndiquaque</span> <span class='ocrx_word' id='word_1_47' title='bbox 822 580 1013 635; x_wconf 88' lang='lat' dir='ltr'>superius</span> <span class='ocrx_word' id='word_1_48' title='bbox 1054 580 1319 637; x_wconf 87' lang='lat' dir='ltr'>inferiusque</span> <span class='ocrx_word' id='word_1_49' title='bbox 1357 597 1425 626; x_wconf 80' lang='lat' dir='ltr'>vs·</span> 
     </span>
     <span class='ocr_line' id='line_1_8' title="bbox 143 645 1426 703; baseline -0.001 -13"><span class='ocrx_word' id='word_1_50' title='bbox 143 662 225 703; x_wconf 87' lang='lat' dir='ltr'>que</span> <span class='ocrx_word' id='word_1_51' title='bbox 246 650 295 690; x_wconf 86' lang='lat' dir='ltr'>ad</span> <span class='ocrx_word' id='word_1_52' title='bbox 316 650 469 689; x_wconf 84' lang='lat' dir='ltr'>rimam</span> <span class='ocrx_word' id='word_1_53' title='bbox 492 646 616 696; x_wconf 81' lang='lat' dir='ltr'>finus,</span> <span class='ocrx_word' id='word_1_54' title='bbox 631 645 702 687; x_wconf 80' lang='lat' dir='ltr'>vel</span> <span class='ocrx_word' id='word_1_55' title='bbox 720 657 853 700; x_wconf 84' lang='lat' dir='ltr'>vsque</span> <span class='ocrx_word' id='word_1_56' title='bbox 875 646 927 686; x_wconf 88' lang='lat' dir='ltr'>ad</span> <span class='ocrx_word' id='word_1_57' title='bbox 947 645 1204 688; x_wconf 89' lang='lat' dir='ltr'>concursum</span> <span class='ocrx_word' id='word_1_58' title='bbox 1228 646 1295 688; x_wconf 88' lang='lat' dir='ltr'>seu</span> <span class='ocrx_word' id='word_1_59' title='bbox 1318 659 1426 689; x_wconf 90' lang='lat' dir='ltr'>con-</span> 
     </span>
     <span class='ocr_line' id='line_1_9' title="bbox 141 710 1427 766; baseline -0.001 -12"><span class='ocrx_word' id='word_1_60' title='bbox 141 714 408 755; x_wconf 62' lang='lat' dir='ltr'>iunctionem</span> <span class='ocrx_word' id='word_1_61' title='bbox 431 713 649 766; x_wconf 77' lang='lat' dir='ltr'>vtriusque</span> <span class='ocrx_word' id='word_1_62' title='bbox 669 710 988 764; x_wconf 81' lang='lat' dir='ltr'>hemisphaerii</span> <span class='ocrx_word' id='word_1_63' title='bbox 1010 710 1161 752; x_wconf 83' lang='lat' dir='ltr'>ambit.</span> <span class='ocrx_word' id='word_1_64' title='bbox 1217 711 1349 756; x_wconf 87' lang='lat' dir='ltr'>Huius</span> <span class='ocrx_word' id='word_1_65' title='bbox 1369 712 1427 753; x_wconf 90' lang='lat' dir='ltr'>ri·</span> 
     </span>
     <span class='ocr_line' id='line_1_10' title="bbox 139 774 1428 828; baseline 0.002 -10"><span class='ocrx_word' id='word_1_66' title='bbox 139 789 237 818; x_wconf 85' lang='lat' dir='ltr'>mae</span> <span class='ocrx_word' id='word_1_67' title='bbox 259 776 396 816; x_wconf 91' lang='lat' dir='ltr'>limbo</span> <span class='ocrx_word' id='word_1_68' title='bbox 440 775 568 820; x_wconf 89' lang='lat' dir='ltr'>BBB.</span> <span class='ocrx_word' id='word_1_69' title='bbox 617 776 771 817; x_wconf 81' lang='lat' dir='ltr'>tertius</span> <span class='ocrx_word' id='word_1_70' title='bbox 795 777 939 828; x_wconf 87' lang='lat' dir='ltr'>paries</span> <span class='ocrx_word' id='word_1_71' title='bbox 969 774 1262 817; x_wconf 89' lang='lat' dir='ltr'>horizontalis</span> <span class='ocrx_word' id='word_1_72' title='bbox 1295 776 1428 820; x_wconf 89' lang='lat' dir='ltr'>titulo</span> 
     </span>
     <span class='ocr_line' id='line_1_11' title="bbox 135 839 1427 896; baseline 0.001 -14"><span class='ocrx_word' id='word_1_73' title='bbox 135 842 248 896; x_wconf 90' lang='lat' dir='ltr'>septi</span> <span class='ocrx_word' id='word_1_74' title='bbox 269 843 336 882; x_wconf 84' lang='lat' dir='ltr'>seu</span> <span class='ocrx_word' id='word_1_75' title='bbox 360 841 517 894; x_wconf 83' lang='lat' dir='ltr'>speculi</span> <span class='ocrx_word' id='word_1_76' title='bbox 536 840 684 890; x_wconf 86' lang='lat' dir='ltr'>lucidi,</span> <span class='ocrx_word' id='word_1_77' title='bbox 707 840 780 882; x_wconf 77' lang='lat' dir='ltr'>vel</span> <span class='ocrx_word' id='word_1_78' title='bbox 801 839 829 881; x_wconf 86' lang='lat' dir='ltr'>si</span> <span class='ocrx_word' id='word_1_79' title='bbox 856 842 1007 891; x_wconf 83' lang='lat' dir='ltr'>mauis,</span> <span class='ocrx_word' id='word_1_80' title='bbox 1025 841 1230 894; x_wconf 80' lang='lat' dir='ltr'>tympani</span> <span class='ocrx_word' id='word_1_81' title='bbox 1251 841 1427 896; x_wconf 80' lang='lat' dir='ltr'>apposi-</span> 
     </span>
     <span class='ocr_line' id='line_1_12' title="bbox 137 904 1430 960; baseline 0.002 -15"><span class='ocrx_word' id='word_1_82' title='bbox 137 915 206 946; x_wconf 81' lang='lat' dir='ltr'>tus</span> <span class='ocrx_word' id='word_1_83' title='bbox 229 905 313 957; x_wconf 88' lang='lat' dir='ltr'>est·,</span> <span class='ocrx_word' id='word_1_84' title='bbox 351 906 490 960; x_wconf 89' lang='lat' dir='ltr'>estque</span> <span class='ocrx_word' id='word_1_85' title='bbox 525 904 767 946; x_wconf 83' lang='lat' dir='ltr'>tenuissima</span> <span class='ocrx_word' id='word_1_86' title='bbox 796 905 958 946; x_wconf 81' lang='lat' dir='ltr'>lamina</span> <span class='ocrx_word' id='word_1_87' title='bbox 990 905 1268 957; x_wconf 84' lang='lat' dir='ltr'>medullaris,</span> <span class='ocrx_word' id='word_1_88' title='bbox 1320 907 1430 948; x_wconf 88' lang='lat' dir='ltr'>duos</span> 
     </span>
     <span class='ocr_line' id='line_1_13' title="bbox 139 968 1424 1024; baseline 0.002 -15"><span class='ocrx_word' id='word_1_89' title='bbox 139 968 227 1010; x_wconf 83' lang='lat' dir='ltr'>sere</span> <span class='ocrx_word' id='word_1_90' title='bbox 252 971 412 1023; x_wconf 68' lang='lat' dir='ltr'>digitos</span> <span class='ocrx_word' id='word_1_91' title='bbox 435 970 545 1019; x_wconf 79' lang='lat' dir='ltr'>lata,</span> <span class='ocrx_word' id='word_1_92' title='bbox 588 982 690 1011; x_wconf 83' lang='lat' dir='ltr'>ante</span> <span class='ocrx_word' id='word_1_93' title='bbox 712 980 946 1024; x_wconf 84' lang='lat' dir='ltr'>vtrumque</span> <span class='ocrx_word' id='word_1_94' title='bbox 968 969 1104 1011; x_wconf 88' lang='lat' dir='ltr'>finum</span> <span class='ocrx_word' id='word_1_95' title='bbox 1127 970 1268 1011; x_wconf 84' lang='lat' dir='ltr'>affixa.</span> <span class='ocrx_word' id='word_1_96' title='bbox 1339 971 1424 1012; x_wconf 86' lang='lat' dir='ltr'>Ta-</span> 
     </span>
     <span class='ocr_line' id='line_1_14' title="bbox 140 1031 1427 1089; baseline 0.001 -16"><span class='ocrx_word' id='word_1_97' title='bbox 140 1034 268 1074; x_wconf 87' lang='lat' dir='ltr'>metsi</span> <span class='ocrx_word' id='word_1_98' title='bbox 301 1045 345 1074; x_wconf 77' lang='lat' dir='ltr'>vt</span> <span class='ocrx_word' id='word_1_99' title='bbox 378 1035 562 1088; x_wconf 84' lang='lat' dir='ltr'>simplex</span> <span class='ocrx_word' id='word_1_100' title='bbox 595 1034 879 1089; x_wconf 76' lang='lat' dir='ltr'>diaphragma</span> <span class='ocrx_word' id='word_1_101' title='bbox 913 1048 1009 1075; x_wconf 90' lang='lat' dir='ltr'>cum</span> <span class='ocrx_word' id='word_1_102' title='bbox 1041 1031 1195 1076; x_wconf 67' lang='lat' dir='ltr'>Caleno</span> <span class='ocrx_word' id='word_1_103' title='bbox 1227 1048 1248 1074; x_wconf 87' lang='lat' dir='ltr'>a</span> <span class='ocrx_word' id='word_1_104' title='bbox 1280 1034 1427 1075; x_wconf 84' lang='lat' dir='ltr'>multis</span> 
     </span>
     <span class='ocr_line' id='line_1_15' title="bbox 138 1098 1426 1153; baseline 0.002 -16"><span class='ocrx_word' id='word_1_105' title='bbox 138 1098 464 1148; x_wconf 81' lang='lat' dir='ltr'>consideretur,</span> <span class='ocrx_word' id='word_1_106' title='bbox 514 1101 610 1153; x_wconf 87' lang='lat' dir='ltr'>quia</span> <span class='ocrx_word' id='word_1_107' title='bbox 655 1100 806 1140; x_wconf 82' lang='lat' dir='ltr'>ambae</span> <span class='ocrx_word' id='word_1_108' title='bbox 849 1099 1072 1152; x_wconf 71' lang='lat' dir='ltr'>praefatae</span> <span class='ocrx_word' id='word_1_109' title='bbox 1110 1100 1298 1140; x_wconf 84' lang='lat' dir='ltr'>laminae</span> <span class='ocrx_word' id='word_1_110' title='bbox 1343 1099 1426 1140; x_wconf 85' lang='lat' dir='ltr'>sese</span> 
     </span>
     <span class='ocr_line' id='line_1_16' title="bbox 140 1162 1417 1216; baseline 0.002 -14"><span class='ocrx_word' id='word_1_111' title='bbox 140 1165 346 1216; x_wconf 79' lang='lat' dir='ltr'>proxime</span> <span class='ocrx_word' id='word_1_112' title='bbox 390 1174 573 1216; x_wconf 83' lang='lat' dir='ltr'>tangunt</span> <span class='ocrx_word' id='word_1_113' title='bbox 613 1177 659 1204; x_wconf 85' lang='lat' dir='ltr'>ac</span> <span class='ocrx_word' id='word_1_114' title='bbox 692 1174 933 1205; x_wconf 90' lang='lat' dir='ltr'>momento</span> <span class='ocrx_word' id='word_1_115' title='bbox 973 1163 1063 1204; x_wconf 87' lang='lat' dir='ltr'>fere</span> <span class='ocrx_word' id='word_1_116' title='bbox 1098 1162 1327 1215; x_wconf 78' lang='lat' dir='ltr'>dissiliunt,</span> <span class='ocrx_word' id='word_1_117' title='bbox 1369 1175 1417 1204; x_wconf 90' lang='lat' dir='ltr'>re</span> 
     </span>
     <span class='ocr_line' id='line_1_17' title="bbox 137 1227 1426 1280; baseline 0.001 -14"><span class='ocrx_word' id='word_1_118' title='bbox 137 1239 240 1266; x_wconf 68' lang='lat' dir='ltr'>vcra</span> <span class='ocrx_word' id='word_1_119' title='bbox 279 1237 427 1268; x_wconf 84' lang='lat' dir='ltr'>tamen</span> <span class='ocrx_word' id='word_1_120' title='bbox 467 1228 659 1280; x_wconf 85' lang='lat' dir='ltr'>duplex,</span> <span class='ocrx_word' id='word_1_121' title='bbox 701 1240 748 1267; x_wconf 80' lang='lat' dir='ltr'>ac</span> <span class='ocrx_word' id='word_1_122' title='bbox 787 1227 907 1268; x_wconf 86' lang='lat' dir='ltr'>hiatu</span> <span class='ocrx_word' id='word_1_123' title='bbox 947 1228 1220 1268; x_wconf 90' lang='lat' dir='ltr'>intermedio</span> <span class='ocrx_word' id='word_1_124' title='bbox 1256 1229 1298 1267; x_wconf 90' lang='lat' dir='ltr'>in</span> <span class='ocrx_word' id='word_1_125' title='bbox 1338 1239 1426 1280; x_wconf 90' lang='lat' dir='ltr'>quo</span> 
     </span>
     <span class='ocr_line' id='line_1_18' title="bbox 139 1289 1424 1342; baseline 0.005 -18"><span class='ocrx_word' id='word_1_126' title='bbox 139 1299 295 1338; x_wconf 66' lang='lat' dir='ltr'>aquam</span> <span class='ocrx_word' id='word_1_127' title='bbox 335 1289 519 1328; x_wconf 79' lang='lat' dir='ltr'>vidimus</span> <span class='ocrx_word' id='word_1_128' title='bbox 551 1315 562 1337; x_wconf 91' lang='lat'><em>‚</em></span> <span class='ocrx_word' id='word_1_129' title='bbox 631 1289 846 1329; x_wconf 68' lang='lat' dir='ltr'>distinctus</span> <span class='ocrx_word' id='word_1_130' title='bbox 895 1301 941 1328; x_wconf 84' lang='lat' dir='ltr'>ac</span> <span class='ocrx_word' id='word_1_131' title='bbox 980 1291 1131 1329; x_wconf 85' lang='lat' dir='ltr'>diuisus</span> <span class='ocrx_word' id='word_1_132' title='bbox 1171 1291 1314 1342; x_wconf 85' lang='lat' dir='ltr'>paries</span> <span class='ocrx_word' id='word_1_133' title='bbox 1354 1290 1424 1330; x_wconf 82' lang='lat' dir='ltr'>est.</span> 
     </span>
     <span class='ocr_line' id='line_1_19' title="bbox 141 1350 1423 1402; baseline 0.005 -13"><span class='ocrx_word' id='word_1_134' title='bbox 141 1350 374 1402; x_wconf 71' lang='lat' dir='ltr'>Vtriusque</span> <span class='ocrx_word' id='word_1_135' title='bbox 414 1352 600 1391; x_wconf 83' lang='lat' dir='ltr'>laminae</span> <span class='ocrx_word' id='word_1_136' title='bbox 639 1351 861 1391; x_wconf 79' lang='lat' dir='ltr'>substantia</span> <span class='ocrx_word' id='word_1_137' title='bbox 895 1352 1135 1393; x_wconf 79' lang='lat' dir='ltr'>tenuissima</span> <span class='ocrx_word' id='word_1_138' title='bbox 1167 1353 1224 1393; x_wconf 86' lang='lat' dir='ltr'>est</span> <span class='ocrx_word' id='word_1_139' title='bbox 1258 1367 1305 1394; x_wconf 89' lang='lat' dir='ltr'>ac</span> <span class='ocrx_word' id='word_1_140' title='bbox 1337 1354 1423 1396; x_wconf 75' lang='lat' dir='ltr'>dia-</span> 
     </span>
     <span class='ocr_line' id='line_1_20' title="bbox 140 1412 1424 1467; baseline 0.004 -14"><span class='ocrx_word' id='word_1_141' title='bbox 140 1412 305 1467; x_wconf 81' lang='lat' dir='ltr'>phana,</span> <span class='ocrx_word' id='word_1_142' title='bbox 331 1413 520 1453; x_wconf 75' lang='lat' dir='ltr'>iminiss‘o</span> <span class='ocrx_word' id='word_1_143' title='bbox 546 1415 587 1452; x_wconf 90' lang='lat' dir='ltr'>in</span> <span class='ocrx_word' id='word_1_144' title='bbox 611 1413 869 1453; x_wconf 83' lang='lat' dir='ltr'>alterutrum</span> <span class='ocrx_word' id='word_1_145' title='bbox 896 1415 1028 1454; x_wconf 87' lang='lat' dir='ltr'>finum</span> <span class='ocrx_word' id='word_1_146' title='bbox 1055 1419 1170 1466; x_wconf 72' lang='lat' dir='ltr'>aere,</span> <span class='ocrx_word' id='word_1_147' title='bbox 1198 1417 1327 1457; x_wconf 87' lang='lat' dir='ltr'>instar</span> <span class='ocrx_word' id='word_1_148' title='bbox 1350 1431 1424 1458; x_wconf 79' lang='lat' dir='ltr'>ve-</span> 
     </span>
     <span class='ocr_line' id='line_1_21' title="bbox 136 1475 1420 1534; baseline 0.004 -16"><span class='ocrx_word' id='word_1_149' title='bbox 136 1479 167 1519; x_wconf 92' lang='lat' dir='ltr'>li</span> <span class='ocrx_word' id='word_1_150' title='bbox 199 1488 267 1517; x_wconf 88' lang='lat' dir='ltr'>aut</span> <span class='ocrx_word' id='word_1_151' title='bbox 304 1475 467 1516; x_wconf 79' lang='lat' dir='ltr'>vesicae</span> <span class='ocrx_word' id='word_1_152' title='bbox 497 1477 577 1517; x_wconf 81' lang='lat' dir='ltr'>sese</span> <span class='ocrx_word' id='word_1_153' title='bbox 609 1479 863 1530; x_wconf 81' lang='lat' dir='ltr'>expandens</span> <span class='ocrx_word' id='word_1_154' title='bbox 887 1491 931 1518; x_wconf 87' lang='lat' dir='ltr'>ac</span> <span class='ocrx_word' id='word_1_155' title='bbox 956 1490 1183 1521; x_wconf 87' lang='lat' dir='ltr'>tumorem</span> <span class='ocrx_word' id='word_1_156' title='bbox 1209 1480 1420 1534; x_wconf 81' lang='lat' dir='ltr'>efficiens,</span> 
     </span>
     <span class='ocr_line' id='line_1_22' title="bbox 136 1540 1424 1600; baseline 0.004 -17"><span class='ocrx_word' id='word_1_157' title='bbox 136 1540 255 1583; x_wconf 83' lang='lat' dir='ltr'>sicuti</span> <span class='ocrx_word' id='word_1_158' title='bbox 280 1540 318 1581; x_wconf 89' lang='lat' dir='ltr'>in</span> <span class='ocrx_word' id='word_1_159' title='bbox 341 1541 528 1582; x_wconf 87' lang='lat' dir='ltr'>cerebris</span> <span class='ocrx_word' id='word_1_160' title='bbox 558 1542 798 1583; x_wconf 83' lang='lat' dir='ltr'>admodum</span> <span class='ocrx_word' id='word_1_161' title='bbox 831 1543 1004 1585; x_wconf 72' lang='lat' dir='ltr'>idoneis</span> <span class='ocrx_word' id='word_1_162' title='bbox 1028 1544 1094 1585; x_wconf 92' lang='lat' dir='ltr'>diu</span> <span class='ocrx_word' id='word_1_163' title='bbox 1120 1546 1424 1600; x_wconf 86' lang='lat' dir='ltr'>contemplari</span> 
     </span>
     <span class='ocr_line' id='line_1_23' title="bbox 138 1603 1425 1661; baseline 0.006 -17"><span class='ocrx_word' id='word_1_164' title='bbox 138 1605 338 1659; x_wconf 84' lang='lat' dir='ltr'>procliue</span> <span class='ocrx_word' id='word_1_165' title='bbox 368 1603 459 1646; x_wconf 86' lang='lat' dir='ltr'>fuit.</span> <span class='ocrx_word' id='word_1_166' title='bbox 547 1609 617 1648; x_wconf 90' lang='lat' dir='ltr'>An</span> <span class='ocrx_word' id='word_1_167' title='bbox 647 1607 715 1647; x_wconf 72' lang='lat' dir='ltr'>via</span> <span class='ocrx_word' id='word_1_168' title='bbox 748 1609 791 1647; x_wconf 92' lang='lat' dir='ltr'>in</span> <span class='ocrx_word' id='word_1_169' title='bbox 823 1609 1003 1649; x_wconf 88' lang='lat' dir='ltr'>tertium</span> <span class='ocrx_word' id='word_1_170' title='bbox 1027 1611 1348 1661; x_wconf 64' lang='lat' dir='ltr'>ventriculum,</span> <span class='ocrx_word' id='word_1_171' title='bbox 1375 1624 1425 1652; x_wconf 83' lang='lat' dir='ltr'>ea</span> 
     </span>
     <span class='ocr_line' id='line_1_24' title="bbox 139 1669 1420 1724; baseline 0.005 -16"><span class='ocrx_word' id='word_1_172' title='bbox 139 1682 229 1709; x_wconf 89' lang='lat' dir='ltr'>non</span> <span class='ocrx_word' id='word_1_173' title='bbox 265 1669 457 1711; x_wconf 83' lang='lat' dir='ltr'>obstante</span> <span class='ocrx_word' id='word_1_174' title='bbox 486 1670 670 1721; x_wconf 81' lang='lat' dir='ltr'>lamina,</span> <span class='ocrx_word' id='word_1_175' title='bbox 717 1683 865 1724; x_wconf 80' lang='lat' dir='ltr'>pateat</span> <span class='ocrx_word' id='word_1_176' title='bbox 901 1686 981 1713; x_wconf 88' lang='lat' dir='ltr'>nec</span> <span class='ocrx_word' id='word_1_177' title='bbox 1013 1686 1092 1723; x_wconf 88' lang='lat' dir='ltr'>ne,</span> <span class='ocrx_word' id='word_1_178' title='bbox 1147 1676 1189 1715; x_wconf 92' lang='lat' dir='ltr'>id</span> <span class='ocrx_word' id='word_1_179' title='bbox 1218 1676 1420 1716; x_wconf 88' lang='lat' dir='ltr'>interno-</span> 
     </span>
     <span class='ocr_line' id='line_1_25' title="bbox 139 1732 1420 1788; baseline 0.006 -16"><span class='ocrx_word' id='word_1_180' title='bbox 139 1733 254 1774; x_wconf 87' lang='lat' dir='ltr'>scere</span> <span class='ocrx_word' id='word_1_181' title='bbox 302 1732 410 1774; x_wconf 78' lang='lat' dir='ltr'>haud</span> <span class='ocrx_word' id='word_1_182' title='bbox 449 1737 611 1788; x_wconf 79' lang='lat' dir='ltr'>potui3</span> <span class='ocrx_word' id='word_1_183' title='bbox 685 1737 852 1777; x_wconf 84' lang='lat' dir='ltr'>Verum</span> <span class='ocrx_word' id='word_1_184' title='bbox 892 1751 985 1778; x_wconf 88' lang='lat' dir='ltr'>rem</span> <span class='ocrx_word' id='word_1_185' title='bbox 1027 1738 1250 1779; x_wconf 81' lang='lat' dir='ltr'>obseruaui</span> <span class='ocrx_word' id='word_1_186' title='bbox 1292 1738 1420 1780; x_wconf 83' lang='lat' dir='ltr'>aliam</span> 
     </span>
     <span class='ocr_line' id='line_1_26' title="bbox 137 1797 1418 1856; baseline 0.006 -19"><span class='ocrx_word' id='word_1_187' title='bbox 137 1797 250 1837; x_wconf 79' lang='lat' dir='ltr'>haud</span> <span class='ocrx_word' id='word_1_188' title='bbox 273 1797 314 1836; x_wconf 91' lang='lat' dir='ltr'>in</span> <span class='ocrx_word' id='word_1_189' title='bbox 336 1799 568 1850; x_wconf 83' lang='lat' dir='ltr'>curiosam,</span> <span class='ocrx_word' id='word_1_190' title='bbox 611 1800 772 1842; x_wconf 85' lang='lat' dir='ltr'>scilicet</span> <span class='ocrx_word' id='word_1_191' title='bbox 798 1803 986 1843; x_wconf 89' lang='lat' dir='ltr'>interior</span> <span class='ocrx_word' id='word_1_192' title='bbox 1015 1801 1262 1856; x_wconf 85' lang='lat' dir='ltr'>superficies</span> <span class='ocrx_word' id='word_1_193' title='bbox 1294 1816 1418 1856; x_wconf 79' lang='lat' dir='ltr'>prae-</span> 
     </span>
     <span class='ocr_line' id='line_1_27' title="bbox 139 1859 1419 1920; baseline 0.006 -19"><span class='ocrx_word' id='word_1_194' title='bbox 139 1859 251 1903; x_wconf 80' lang='lat' dir='ltr'>fatae</span> <span class='ocrx_word' id='word_1_195' title='bbox 273 1860 478 1913; x_wconf 87' lang='lat' dir='ltr'>laminae,</span> <span class='ocrx_word' id='word_1_196' title='bbox 519 1866 769 1920; x_wconf 86' lang='lat' dir='ltr'>perexiguis</span> <span class='ocrx_word' id='word_1_197' title='bbox 798 1880 843 1907; x_wconf 88' lang='lat' dir='ltr'>ac</span> <span class='ocrx_word' id='word_1_198' title='bbox 873 1868 1006 1907; x_wconf 87' lang='lat' dir='ltr'>visum</span> <span class='ocrx_word' id='word_1_199' title='bbox 1032 1880 1146 1920; x_wconf 89' lang='lat' dir='ltr'>pene</span> <span class='ocrx_word' id='word_1_200' title='bbox 1170 1866 1419 1920; x_wconf 88' lang='lat' dir='ltr'>effugienti-</span> 
     </span>
     <span class='ocr_line' id='line_1_28' title="bbox 139 1925 1249 1983; baseline 0.007 -19"><span class='ocrx_word' id='word_1_201' title='bbox 139 1925 209 1966; x_wconf 78' lang='lat' dir='ltr'>bus</span> <span class='ocrx_word' id='word_1_202' title='bbox 230 1926 411 1979; x_wconf 62' lang='lat' dir='ltr'>granulis</span> <span class='ocrx_word' id='word_1_203' title='bbox 433 1941 501 1969; x_wconf 84' lang='lat' dir='ltr'>aut</span> <span class='ocrx_word' id='word_1_204' title='bbox 529 1929 745 1983; x_wconf 83' lang='lat' dir='ltr'>papillulis</span> <span class='ocrx_word' id='word_1_205' title='bbox 768 1943 823 1972; x_wconf 84' lang='lat' dir='ltr'>ex</span> <span class='ocrx_word' id='word_1_206' title='bbox 845 1941 1045 1983; x_wconf 81' lang='lat' dir='ltr'>asperata</span> <span class='ocrx_word' id='word_1_207' title='bbox 1066 1932 1152 1972; x_wconf 87' lang='lat' dir='ltr'>visa</span> <span class='ocrx_word' id='word_1_208' title='bbox 1177 1932 1249 1973; x_wconf 90' lang='lat' dir='ltr'>est.</span> 
     </span>
    </p>

    <p class='ocr_par' dir='ltr' id='par_1_3' title="bbox 134 1985 1419 2180">
     <span class='ocr_line' id='line_1_29' title="bbox 268 1985 1419 2050; baseline 0.003 -17"><span class='ocrx_word' id='word_1_209' title='bbox 268 1985 303 2033; x_wconf 71' lang='lat'>§-</span> <span class='ocrx_word' id='word_1_210' title='bbox 341 1990 417 2032; x_wconf 88' lang='lat' dir='ltr'>lv.</span> <span class='ocrx_word' id='word_1_211' title='bbox 482 1994 576 2043; x_wconf 82' lang='lat' dir='ltr'>Jam</span> <span class='ocrx_word' id='word_1_212' title='bbox 616 2005 792 2035; x_wconf 84' lang='lat' dir='ltr'>remota</span> <span class='ocrx_word' id='word_1_213' title='bbox 821 2007 869 2034; x_wconf 85' lang='lat' dir='ltr'>ea</span> <span class='ocrx_word' id='word_1_214' title='bbox 904 1995 1090 2046; x_wconf 85' lang='lat' dir='ltr'>lamina,</span> <span class='ocrx_word' id='word_1_215' title='bbox 1140 2008 1239 2049; x_wconf 85' lang='lat' dir='ltr'>pars</span> <span class='ocrx_word' id='word_1_216' title='bbox 1260 2008 1419 2050; x_wconf 77' lang='lat' dir='ltr'>magna</span> 
     </span>
     <span class='ocr_line' id='line_1_30' title="bbox 136 2054 1415 2112; baseline 0.005 -17"><span class='ocrx_word' id='word_1_217' title='bbox 136 2054 245 2095; x_wconf 79' lang='lat' dir='ltr'>smus</span> <span class='ocrx_word' id='word_1_218' title='bbox 300 2056 430 2108; x_wconf 86' lang='lat' dir='ltr'>vulgo</span> <span class='ocrx_word' id='word_1_219' title='bbox 487 2059 582 2099; x_wconf 88' lang='lat' dir='ltr'>noti</span> <span class='ocrx_word' id='word_1_220' title='bbox 608 2086 618 2108; x_wconf 90' lang='lat'>‚</span> <span class='ocrx_word' id='word_1_221' title='bbox 685 2058 727 2098; x_wconf 91' lang='lat' dir='ltr'>id</span> <span class='ocrx_word' id='word_1_222' title='bbox 789 2059 846 2100; x_wconf 85' lang='lat' dir='ltr'>est</span> <span class='ocrx_word' id='word_1_223' title='bbox 902 2059 1086 2112; x_wconf 82' lang='lat' dir='ltr'>spatium</span> <span class='ocrx_word' id='word_1_224' title='bbox 1127 2058 1183 2101; x_wconf 83' lang='lat' dir='ltr'>ab</span> <span class='ocrx_word' id='word_1_225' title='bbox 1221 2088 1233 2112; x_wconf 92' lang='lat'>,</span> <span class='ocrx_word' id='word_1_226' title='bbox 1306 2059 1415 2101; x_wconf 87' lang='lat' dir='ltr'>heli-</span> 
     </span>
     <span class='ocr_line' id='line_1_31' title="bbox 134 2119 1419 2180; baseline 0.007 -23"><span class='ocrx_word' id='word_1_227' title='bbox 134 2129 231 2158; x_wconf 85' lang='lat' dir='ltr'>cem</span> <span class='ocrx_word' id='word_1_228' title='bbox 273 2119 484 2162; x_wconf 78' lang='lat' dir='ltr'>auriculae</span> <span class='ocrx_word' id='word_1_229' title='bbox 519 2123 732 2165; x_wconf 83' lang='lat' dir='ltr'>humanae</span> <span class='ocrx_word' id='word_1_230' title='bbox 770 2124 1013 2176; x_wconf 84' lang='lat' dir='ltr'>aemulans,</span> <span class='ocrx_word' id='word_1_231' title='bbox 1066 2125 1109 2166; x_wconf 88' lang='lat' dir='ltr'>in</span> <span class='ocrx_word' id='word_1_232' title='bbox 1139 2137 1226 2180; x_wconf 91' lang='lat' dir='ltr'>quo</span> <span class='ocrx_word' id='word_1_233' title='bbox 1258 2137 1419 2178; x_wconf 83' lang='lat' dir='ltr'>corpus</span> 
     </span>
    </p>

    <p class='ocr_par' dir='ltr' id='par_1_4' title="bbox 765 2189 1416 2240">
     <span class='ocr_line' id='line_1_32' title="bbox 765 2189 1416 2240; baseline -0.003 -10"><span class='ocrx_word' id='word_1_234' title='bbox 765 2189 799 2230; x_wconf 79' lang='lat' dir='ltr'>R</span> <span class='ocrx_word' id='word_1_235' title='bbox 836 2202 856 2240; x_wconf 89' lang='lat'>3</span> <span class='ocrx_word' id='word_1_236' title='bbox 1324 2189 1416 2228; x_wconf 83' lang='lat' dir='ltr'>stri·</span> 
     </span>
    </p>
   </div>
  </div>
 </body>
</html>
