1976 2605
313 180 1319 238 TRIGONOMETRICOSPHAERICUM.
1400 207 1453 242 35

314 322 357 361 7.
427 307 556 365 Quod
585 306 610 347 si
642 307 692 347 ad
723 315 953 347 momenta
980 305 1234 346 transituum
1267 319 1344 360 pei·
1375 307 1459 346 azi-

183 386 302 418 muta
331 376 559 427 capiantur
589 369 710 410 simul
733 370 982 410 altitudines
1010 369 1154 419 visae,
1197 381 1325 425 atque
1345 370 1393 411 ab
1415 371 1462 411 iis

181 439 430 482 auferantur
454 435 702 476 altitudines
731 445 861 473 verae
878 444 979 473 ante
1011 443 1240 485 repertae,
1279 434 1459 488 dispale-

182 505 270 546 scet
303 503 448 543 sideris
476 498 701 544 ress-istm,
744 494 770 535 si
793 496 932 536 modo
952 496 1351 548 parallaxicareat,
1393 508 1463 540 aut

184 568 398 611 residuum
430 561 698 604 refrae‘tionis
719 571 740 597 a
763 558 997 612 parallaxi,
1037 559 1064 598 fi
1086 559 1298 612 parallaxi
1329 562 1461 603 affici·

186 644 307 673 atum
383 627 630 670 Secernitur
651 634 795 664 autem
820 623 1050 676 parali-axis
1069 635 1090 663 a
1111 622 1398 676 refiadtione,
1435 626 1464 667 si

187 708 267 748 per
293 692 403 734 aliud
431 690 535 730 sidus
558 701 578 728 a
599 687 810 742 parali-axi
836 687 1021 728 liberum
1049 686 1250 730 resrastio
1272 685 1464 743 ejusdem

185 755 421 797 altitudinis
448 751 569 794 simul
597 752 848 804 indagetur,
893 751 1103 792 residuum
1133 752 1252 792 euim
1280 753 1384 793 illud
1413 753 1463 794 ab

180 820 260 860 hac
282 818 540 860 resi-afflone
558 817 801 858 subductum
818 816 1024 870 relinquit
1045 816 1302 870 parallaxim
1331 829 1462 872 quae-

181 882 328 933 sitam,
360 883 471 924 unde
489 892 661 936 quartus
680 876 797 936 hujus
817 881 1105 933 problematis
1123 880 1214 920 usus
1233 881 1314 931 est,
1344 881 1462 936 quod

181 959 262 1001 per
291 947 393 988 illud
431 947 709 987 inveniantur
741 943 927 985 siderum
955 943 1261 998 refractiones,
1305 956 1349 987 et
1380 956 1461 999 5to

179 1012 424 1053 eorundum
446 1010 702 1064 parallaxes.

312 1079 353 1116 8.
421 1076 533 1118 Aliis
554 1074 686 1128 vulgo
710 1072 932 1116 methodis
956 1074 1236 1127 indagantur,
1272 1073 1462 1115 altitudo

183 1140 301 1193 poli,
344 1140 663 1181 declinationes
698 1136 915 1188 siderum,
957 1151 1199 1192 eorumque
1233 1137 1462 1179 refractio-

183 1215 256 1244 nes
275 1215 319 1244 et
341 1203 610 1258 parallaxes,
652 1214 730 1243 nec
753 1203 938 1243 memini
959 1202 1222 1243 methodum
1245 1215 1266 1242 a
1294 1215 1364 1242 me
1393 1213 1461 1241 re·

178 1267 386 1309 censitam
413 1270 610 1322 cuiquam
631 1269 674 1309 in
698 1277 896 1308 mentem
918 1267 1080 1308 veniss‘e
1100 1278 1242 1306 antea.
1296 1265 1462 1305 Differt

182 1341 327 1368 autem
358 1341 453 1368 mea
485 1331 592 1365 haec
630 1328 867 1364 methodus
899 1329 947 1364 ab
985 1327 1100 1375 aliis,
1141 1327 1257 1380 quod
1287 1338 1464 1380 praeter

185 1389 540 1428 observationum
578 1385 904 1437 possibilitatem
944 1399 986 1424 et
1024 1391 1366 1429 exaie'titudinem
1404 1391 1464 1431 nil

180 1452 397 1504 supponat
429 1448 502 1488 nisi
529 1459 703 1488 motum
731 1447 924 1498 primum
954 1449 1255 1502 aequabilem,
1303 1463 1461 1505 aequa·

179 1514 284 1555 biles
336 1514 468 1553 etiam
513 1521 584 1551 aut
635 1511 945 1551 observatione
983 1512 1259 1556 definiendos
1314 1528 1464 1557 motus

178 1578 454 1632 planetarum
484 1576 663 1616 diurnos
697 1585 741 1614 et
780 1573 982 1616 horarios
1017 1579 1159 1631 quoad
1195 1579 1463 1621 ascensiones

179 1655 332 1682 eorum
355 1643 514 1691 restas,
549 1640 709 1694 reliqua
734 1652 839 1692 pure
858 1643 1132 1693 geometrica
1155 1643 1262 1683 sunt.
1331 1643 1460 1685 Aliae

177 1719 288 1747 vero
309 1706 510 1747 methodi
534 1716 709 1758 practer
730 1704 948 1758 supposita
969 1699 1070 1747 ante
1091 1707 1328 1757 recensita,
1360 1721 1462 1761 pre-

179 1771 301 1811 cario
336 1772 405 1811 vel
433 1782 488 1811 ex
516 1766 761 1824 conjectura
796 1768 1006 1811 ass‘umunt
1034 1781 1079 1812 ut
1106 1773 1314 1825 cognita,
1352 1785 1464 1818 mox

181 1834 400 1875 theoriam
439 1833 560 1885 solis,
604 1847 712 1876 mox
742 1833 1061 1877 declinationes
1088 1835 1308 1889 siderum3
1353 1848 1462 1878 mox

177 1898 486 1949 refractiones3
524 1909 568 1940 et
588 1912 693 1953 quae
716 1897 808 1938 sunt
829 1899 908 1938 alia
931 1899 1012 1939 ἃς.
1032 1900 1112 1940 &c.
1182 1901 1331 1941 Vincit
1353 1911 1460 1954 ergo

181 1974 277 2003 mea
297 1962 529 2003 methodus
551 1965 768 2015 paucitate
794 1962 1137 2015 suppositorum.

313 2041 353 2077 9.
422 2026 563 2068 Poss‘et
603 2025 728 2066 alicui
770 2026 1126 2068 observationum
1168 2026 1347 2069 facilitas
1389 2028 1462 2070 vel

185 2090 435 2132 exae'titudo
458 2089 701 2144 scrupulum
728 2102 927 2131 movere.
997 2091 1232 2132 Videamus
1256 2092 1354 2146 quid
1383 2092 1461 2132 dif-

183 2152 318 2196 feram
340 2166 425 2210 ego
444 2155 493 2196 ab
513 2154 618 2198 aliis.
693 2169 732 2197 1.
767 2156 965 2209 Requiro
987 2153 1281 2210 horologium
1303 2156 1472 2198 oscilla-

772 2220 810 2264 E
833 2233 857 2259 2
1387 2231 1460 2260 to·
