1976 2605
353 180 849 237 TAUTOCHRONIS
884 180 966 231 IN
1001 178 1222 234 VACUO.
1360 206 1414 242 5¹

145 310 388 356 inueniatur
406 320 535 351 curua
552 308 592 351 ei
614 308 656 349 in
674 304 947 363 Ajungenda
965 305 1097 351 AND
1118 302 1347 362 ejusmodi,
1374 316 1424 350 vt

140 376 400 433 grauesuper
421 371 671 426 composita
683 385 739 414 ex
753 374 965 413 iiscuruae
981 371 1207 416 CMAND
1223 372 1422 415 oscillans

146 452 302 485 omnes
324 438 620 481 oscillationes
641 435 831 476 absolu-‚it
861 435 1099 489 aequalibus
1130 437 1418 490 temporibus

142 505 369 559 Postquam
392 512 535 543 autem
557 495 673 554 hujus
695 498 961 540 solutionem
986 501 1072 539 sum
1098 499 1304 552 adeptus,
1344 512 1422 542 eos

144 568 393 621 inuestigaui
413 567 544 614 casus,
583 562 727 616 quibus
748 561 827 602 hae
851 561 958 603 duae
977 573 1133 602 curuae
1151 575 1282 603 vnum
1311 576 1419 605 con·

146 634 320 676 stituant
340 632 498 671 lineam
516 627 772 668 continuam
787 660 797 677 ,
833 637 960 679 atque
982 625 1134 666 eadem
1156 626 1417 668 continean-

152 708 226 739 tur
251 693 521 747 aequatione.
590 686 846 745 Hujusmodi
880 688 985 730 mihi
1003 701 1158 730 curuae
1179 690 1427 731 admodum.

144 767 298 800 notatu
319 756 473 809 dignae
493 754 604 797 visae
623 755 717 796 sunt
732 785 743 806 ,
771 766 827 794 eo
845 753 964 808 quod
983 754 1173 794 eundem
1193 767 1322 807 quem
1343 767 1425 807 cy·-

138 822 272 870 «lois,
314 819 530 873 praestent
549 818 752 861 effectum
774 828 817 859 et
838 830 973 871 aeque
992 829 1039 857 ac
1066 817 1137 859 illa
1156 818 1207 858 ad
1227 818 1426 860 hor-olo·-

139 887 205 938 gia
231 884 561 925 accommodari
588 882 763 939 poilint.
833 883 1065 925 Praeterea
1102 893 1194 922 non
1222 882 1311 923 sine
1343 883 1425 924 ad·-

141 950 379 991 miratione
406 950 601 1001 cognoui
619 949 661 989 in
684 947 747 988 his
766 947 908 992 curuis
933 946 1242 987 tautochi·ouis
1268 959 1418 988 euruas

137 1013 272 1055 etiam
300 1012 562 1066 algebraicas
589 1013 844 1062 contineri,
888 1011 942 1052 ad
975 1023 1077 1064 quas
1107 1010 1340 1063 Analystae
1371 1012 1417 1051 in

137 1076 428 1131 problematis
451 1076 667 1120 soluendis
687 1086 815 1118 tanto
835 1076 1004 1130 semper
1023 1075 1161 1116 studio
1182 1075 1423 1128 peruenire

138 1142 347 1183 nituntur.
414 1141 532 1182 Haec
548 1143 683 1196 igitur
704 1142 849 1182 omnia
872 1152 951 1189 eo,
985 1152 1070 1192 quo
1093 1139 1181 1192 ipse
1202 1139 1288 1179 snm
1310 1138 1421 1179 affe--

135 1216 257 1247 cutus
285 1204 454 1259 mod0,
499 1206 568 1247 hic
589 1216 850 1261 proponere
881 1204 1084 1249 constitui
1115 1214 1204 1244 tam
1226 1214 1416 1256 propter

135 1270 261 1322 ipsius
288 1269 495 1310 methodi
524 1273 796 1319 nouitatem,
843 1281 971 1323 quam
1002 1279 1183 1317 corum,
1224 1279 1330 1320 quae
1359 1279 1420 1308 ex

137 1344 187 1372 ea
208 1332 469 1382 prodierunt
484 1355 495 1377 ‚
537 1333 812 1383 dignitatem.

267 1387 303 1434 §.
346 1407 390 1442 4.
461 1390 525 1432 Sit
558 1392 689 1444 igitur
722 1403 850 1431 curua
888 1391 985 1430 data
1012 1390 1177 1439 AMC,
1227 1392 1415 1444 quaesita
1448 1420 1513 1460 Fig.
1537 1429 1565 1452 r·

138 1453 412 1502 veroAND,
437 1464 541 1505 quae
559 1464 843 1494 communem
867 1453 1053 1494 habeant
1075 1465 1203 1495 axem
1226 1455 1413 1496 vertica-

136 1520 221 1561 lem
244 1517 334 1559 AB.
404 1516 590 1570 Incipiat
613 1529 744 1571 graue
773 1516 1020 1559 descensum
1044 1530 1100 1559 ex
1119 1521 1282 1571 pnnc‘to
1301 1532 1410 1573 quo·

133 1593 296 1636 cunque
320 1580 378 1630 C,
417 1581 615 1622 ascendet
638 1581 680 1623 id
702 1582 837 1623 rursus
860 1583 903 1622 in
924 1582 1060 1623 altera
1079 1595 1207 1624 curua
1229 1584 1281 1624 ad
1308 1596 1412 1625 ean-

134 1649 233 1689 dem
256 1644 531 1687 altitudinem
549 1644 616 1696 D,
658 1646 718 1688 ita
744 1656 792 1688 vt
820 1648 935 1689 reeta
963 1646 1046 1691 CD
1070 1646 1118 1688 sit
1147 1646 1408 1689 horizonta-

133 1712 215 1762 lis·,
260 1711 451 1751 animum
478 1710 598 1751 enim
625 1711 674 1751 ab
703 1712 826 1752 omni
852 1710 1089 1753 resistentia
1117 1711 1408 1754 abstrahimus.

134 1776 220 1818 Hac
241 1786 348 1826 ergo
374 1773 648 1816 oscillatione
675 1777 894 1830 percurrit
914 1788 1074 1830 corpus
1093 1788 1239 1818 arcum
1269 1776 1411 1828 CAD,

134 1837 362 1882 secundum
381 1837 523 1891 legem
543 1837 817 1883 Gallicanam
840 1841 945 1882 etin
963 1841 1114 1895 quouis
1132 1839 1237 1881 loco
1266 1840 1312 1882 M
1333 1840 1408 1882 lia·

134 1903 251 1944 bebit
279 1899 574 1954 celeritatem,
612 1917 739 1959 quam
766 1904 883 1959 lapsu
903 1917 960 1946 ex
986 1904 1217 1946 altitudine
1245 1904 1312 1946 BP
1337 1916 1407 1946 ac-

133 1967 286 2021 quirit,
307 1966 428 2007 dueta
448 1977 608 2021 nempe
629 1981 709 2021 per
731 1970 777 2012 M
796 1968 1067 2011 horizontali
1086 1967 1224 2011 MPN.
1293 1968 1406 2011 Tau—

130 2031 421 2074 tochronismi
440 2041 586 2072 autem
603 2033 810 2074 conditio
826 2033 1035 2087 requirit,
1065 2043 1113 2074 vt
1134 2041 1307 2087 tempus
1327 2032 1404 2074 hu·

124 2092 190 2151 jus
225 2094 506 2137 osculationis
537 2094 588 2136 fit
622 2097 820 2138 constans
845 2124 858 2149 ‚
915 2097 1191 2151 retinentque
1219 2097 1406 2144 eandem

129 2161 420 2214 quantitatem
441 2184 452 2208 ‚
517 2159 755 2217 ubicunque
808 2161 1047 2218 accipiatur
1096 2162 1304 2217 punctum
1353 2161 1405 2203 C.

719 2225 761 2270 G
787 2238 811 2268 2
1240 2226 1402 2284 Quam·
