1976 2605
553 218 651 261 294
765 195 1124 245 ELEMENTA
1187 196 1614 248 BRAHMANICA

557 327 613 367 18
652 334 673 363 o

556 402 614 439 19
650 397 701 424 au

553 462 612 491 20
646 457 723 501 ang

550 816 604 844 21
641 798 762 856 gha,

538 942 608 971 22
648 927 733 977 ka,

550 1005 608 1042 23
652 989 704 1029 ka
728 1015 741 1039 ‚

550 1067 615 1109 24
642 1050 758 1103 ghez,

551 1249 607 1289 25
648 1236 744 1291 dgja
763 1262 777 1288 ²

553 1431 614 1470 26
649 1427 737 1479 nia,

552 1690 612 1730 2²7
652 1681 740 1735 tgja
773 1702 787 1728 ,

555 1809 612 1846 28
653 1801 763 1860 {seha
796 1830 809 1856 ‚

555 1885 615 1923 29
653 1868 752 1910 dhea
789 1895 803 1920 ‚

555 2071 616 2112 30
657 2059 752 2114 ng'a

874 316 1060 365 eadem,
1100 328 1207 369 quae
1238 318 1377 370 prima
1408 317 1501 359 fuit.

881 390 1064 432 Vtraque
1094 381 1264 421 auditur
1284 382 1462 422 vocalis.

866 455 898 498 g
965 456 1056 483 non
1084 444 1275 494 auditur,
1317 446 1385 486 sed
1412 457 1435 484 n
1459 444 1659 497 effertur,
1699 457 1747 488 vt
1770 448 1816 492 in

869 505 1047 550 Gallicis
1069 509 1244 549 vocibus
1269 526 1277 551 :
1317 510 1439 562 saepe
1458 510 1590 550 etiam
1622 524 1817 563 pronun·

863 572 1001 613 ciatur
1039 583 1086 613 vt
1115 570 1187 624 ah,
1231 571 1256 614 h
1280 573 1568 615 vehementer
1587 586 1814 628 protruso*

905 671 1440 732 ConsonanteS.

855 796 912 852 gh
943 799 1186 841 consonans
1225 801 1282 842 est
1309 814 1405 842 cum
1433 799 1579 842 vocali
1601 799 1763 854 longa:
1785 796 1817 839 fi

865 861 1046 904 fulcrum
1081 865 1312 904 dexterum
1345 868 1514 914 demas,
1549 863 1624 904 fiet
1664 862 1819 903 breuis.

854 935 902 966 vt
941 925 1054 979 Caph
1083 928 1384 969 Hebraeorum
1407 955 1420 978 ‚
1461 927 1653 969 Arabum
1686 923 1815 979 Keph.

862 996 911 1027 vt
937 987 1059 1040 Kuph
1085 990 1385 1028 Hebraeorum
1415 1016 1427 1037 ‚
1467 990 1660 1029 Arabum
1682 985 1816 1041 Kaph.

869 1048 959 1100 gh,
992 1062 1022 1100 g
1086 1051 1309 1090 obscurum
1373 1052 1417 1089 in
1475 1051 1679 1091 interiori
1719 1059 1819 1103 gut·

862 1119 959 1149 ture
1003 1109 1250 1159 formatur,
1290 1121 1338 1150 vt
1372 1115 1401 1171 ’ξ
1440 1111 1708 1160 Arabicum,
1747 1112 1817 1151 sed

861 1171 948 1213 fine
986 1174 1154 1213 narium
1173 1173 1430 1213 ministeno.

870 1235 899 1276 d
922 1237 993 1277 vix
1023 1249 1045 1276 a
1071 1248 1123 1275 ne
1151 1238 1229 1275 vix
1250 1236 1425 1289 quidem
1461 1234 1699 1273 subauditur
1720 1260 1731 1282 ‚
1764 1233 1819 1286 gj

863 1298 953 1339 sere
998 1309 1046 1339 vt
1084 1298 1319 1339 Arabicum
1362 1322 1393 1358 g
1419 1323 1431 1347 ‚
1471 1297 1612 1336 modo
1663 1295 1819 1338 somus

866 1360 1135 1415 proferatur.

856 1428 977 1468 Raro
1016 1425 1208 1465 occurrit
1242 1438 1251 1462 ε
1288 1423 1303 1461 i
1335 1431 1379 1461 et
1416 1433 1441 1460 n
1468 1422 1583 1461 inter
1619 1434 1816 1475 pronun·

863 1488 1064 1527 ciandum
1111 1487 1154 1524 in
1204 1496 1335 1523 vnam
1372 1483 1573 1524 vocalem
1617 1487 1816 1529 confusae

863 1550 957 1590 sunt
978 1565 987 1590 ι
1024 1549 1037 1588 i
1063 1549 1124 1589 ita
1149 1546 1359 1588 cohaeret
1389 1559 1484 1587 cum
1512 1560 1535 1588 n
1559 1559 1605 1590 vt
1628 1551 1705 1593 vix
1720 1551 1816 1594 sen·

868 1613 1015 1654 tiatur.

873 1675 1117 1717 concordat
1160 1685 1259 1714 cum
1312 1675 1405 1725 24⁶.
1445 1683 1616 1715 tantum
1661 1674 1817 1718 fortius

864 1740 1000 1781 adhuc
1039 1737 1230 1780 effertur.

869 1800 951 1857 tsch

864 1867 942 1919 dh,
979 1867 1154 1921 lingua,
1195 1864 1366 1919 quando
1402 1864 1452 1904 ad
1475 1863 1663 1918 palatum
1684 1861 1811 1906 dfor·

868 1933 1001 1971 mauit
1024 1959 1035 1980 ‚
1075 1931 1174 1972 inde
1203 1930 1285 1970 sese
1315 1929 1538 1983 protrudit
1573 1955 1584 1980 ,
1625 1939 1673 1970 vt
1701 1927 1813 1983 quafi

865 1994 892 2035 h
921 1996 1105 2035 adiiciat.

870 2058 1016 2099 differt
1046 2072 1068 2098 a
1099 2059 1192 2109 24⁴¹.
1221 2056 1337 2109 quod
1357 2056 1499 2110 lingua
1518 2055 1810 2107 interioripa-

868 2121 978 2162 latus
1007 2121 1182 2176 regioni
1199 2118 1468 2175 appellitur,
1506 2121 1614 2162 sono
1661 2119 1808 2160 obscu-

862 2198 985 2226 non.
1748 2194 1803 2233 3¹
