1976 2605
351 1690 449 1719 Tabb.
480 1688 547 1716 XX.

380 1756 411 1778 et
433 1748 516 1778 xxl·

568 130 664 168 216
702 118 1009 168 CONFIRM.
1037 117 1337 167 DILATAT.
1367 119 1576 183 ATQUE
1611 121 1828 170 CONTR.

566 255 737 286 trorum
764 243 964 296 planities
985 242 1035 281 ad
1060 241 1301 293 marginem
1327 242 1441 281 orbis
1471 243 1681 295 plumbei,
1721 257 1741 284 a
1761 258 1831 285 ro-

565 321 610 351 ta
632 309 790 349 maiori
809 307 959 357 agitati
980 304 1422 359 perpendiculariter,
1459 306 1662 348 deterunt
1685 319 1726 348 et
1755 321 1831 361 po—

564 374 705 419 liunt,
759 369 1101 410 Mathematicus
1131 382 1241 410 vero
1279 371 1408 409 certis
1437 382 1457 408 a
1488 382 1558 412 me
1589 373 1631 411 in
1653 373 1835 412 tractatu

566 436 722 489 optico
745 429 766 476 ὃ
793 448 848 484 23
875 435 1013 475 citato
1037 434 1262 487 descriptis
1286 446 1393 486 opus
1420 433 1548 474 habet
1577 437 1831 476 instrumen-

564 501 645 549 tis,
687 509 871 551 quorum
897 511 984 550 ope
1008 499 1138 539 etiam
1162 498 1370 547 efficitur,
1412 508 1458 538 vt
1490 500 1746 551 planitiebus
1773 499 1834 538 di-

565 565 639 605 &is
661 563 712 601 ad
734 562 914 601 eandem
939 562 1138 614 angulum
1159 563 1384 602 inducatur
1415 562 1661 614 decumas,
1703 571 1745 601 et
1776 562 1833 601 la·

566 638 660 668 tera
679 627 717 665 se
737 626 923 666 inuicem
945 627 1190 678 tangentia,
1229 637 1275 666 vt
1299 636 1341 666 et
1362 627 1502 678 anguli
1525 628 1740 681 prodeant
1761 639 1836 679 pu-

567 692 634 741 ri,
683 700 726 729 et
763 702 815 728 ne
844 690 1073 730 minimum
1102 690 1274 742 quidem
1303 703 1324 729 a
1354 692 1534 742 planitie
1560 692 1835 733 decedentes.

566 755 610 798 Si
632 755 737 794 haec
758 753 956 806 requisita
980 767 1068 793 non
1090 754 1285 794 habuerit
1307 754 1595 807 polyedsum,
1637 757 1836 808 ineptum

564 819 649 860 erit
678 819 728 858 ad
756 819 1059 872 polyedricam
1089 817 1478 860 deformationem.

566 1003 1062 1063 CONFIRMAT
1066 1004 1150 1064 10
1236 1005 1499 1065 DILAT
1504 1006 1629 1065 AT
1633 1005 1839 1067 IONIS

562 1091 766 1148 ATQUE
847 1090 1340 1133 CONTRACTIONIS
1421 1092 1836 1133 METALLORUM

562 1155 764 1211 ATQUE
825 1153 1145 1196 VITRORUM
1200 1153 1670 1196 MOMENTANEAE
1728 1154 1834 1195 PER

677 1217 1112 1260 EXPERIMENTA
1159 1217 1235 1256 ET
1280 1217 1720 1258 INSTRUMENTA

903 1277 1170 1322 NOUITER
1205 1279 1494 1321 INUENTA.

1080 1360 1326 1416 Auctore

805 1439 945 1520 Joh·
996 1437 1205 1520 Georg.
1265 1441 1586 1499 Leutmmm.

1041 1539 1170 1600 ‘§.
1233 1569 1274 1594 1.

574 1634 627 1837 ί
754 1626 919 1810 lelebris
950 1668 1065 1708 inter
1089 1666 1289 1720 Phyficos
1309 1666 1495 1719 agitatur
1515 1666 1833 1718 controuerfia,

797 1744 944 1775 vtrum
965 1734 1182 1773 vitrorum
1207 1731 1410 1771 dilatatio
1440 1740 1566 1783 atque
1589 1731 1835 1772 contractio

799 1806 1113 1841 momentanea
1135 1795 1229 1836 fieri
1255 1793 1395 1848 possit.

699 1892 734 1938 §.
779 1909 818 1934 ς’..
890 1892 1020 1934 Multi
1046 1891 1131 1932 hoc
1161 1900 1348 1944 negant,
1391 1888 1565 1943 plurimi
1597 1889 1831 1939 affirmant,

572 1960 718 1999 neutri
752 1957 1098 2011 experimentis,
1144 1967 1238 1994 rem
1267 1963 1391 1993 extra
1423 1953 1593 1994 dubium
1622 1955 1832 2007 ponenti-

577 2025 673 2071 buz,
709 2023 917 2075 litemque
938 2019 1262 2067 dirimentibus,
1291 2016 1385 2058 satis
1403 2017 1610 2068 instructi,
1634 2018 1708 2058 nisi
1729 2028 1834 2070 quae

574 2087 820 2129 Florentini
841 2084 999 2129 eruditi
1020 2082 1318 2126 exhibuerunt.

1718 2138 1755 2186 ς.
1789 2156 1831 2194 3.
