1976 2605
643 147 730 194 DE
765 142 982 192 LIENE.
1353 164 1371 192 1
1385 154 1411 192 6
1424 164 1441 193 x

293 268 330 318 9.
355 287 400 325 4.
469 268 691 311 Fabricarn
714 268 859 309 Lienis
881 266 1152 322 simplicem,
1179 267 1450 323 perspicuam

165 339 293 395 inque
317 339 407 378 aliis
432 335 654 374 visceribus
678 333 787 373 haud
811 334 983 374 obuiam
1001 345 1017 383 ‚·
1054 345 1123 372 me
1146 333 1214 372 hic
1239 333 1450 374 exhiben-

167 415 246 455 te,
288 403 377 445 Alii
412 401 504 440 vice
532 397 652 440 versa
682 397 986 446 difficultates,
1030 396 1268 447 obstacula,
1301 397 1454 451 caligi-

171 480 357 522 nemque
383 474 600 519 pcrpetuo
624 461 840 510 incusant,
883 461 984 499 inde
1003 461 1055 500 ad
1091 461 1234 500 idaeas
1265 462 1456 502 remoti·

171 545 298 581 ores,
341 532 382 571 in
406 529 545 583 specie
573 526 624 567 ad
647 535 821 565 motum
850 525 1062 576 sanguinis
1082 522 1263 576 splenici
1290 525 1341 563 ad
1366 527 1454 566 Hc-

173 609 252 650 par
307 593 530 635 tendentis
590 588 872 642 respicientes
899 615 910 639 ,
974 588 1098 630 Lieni
1165 598 1458 628 communem

174 660 423 701 structuram
453 655 696 697 concessam
729 652 846 704 effe,
892 653 1027 708 qualis
1059 652 1118 692 est
1149 653 1350 694 structura
1379 652 1457 692 Pa-

171 722 507 774 renchymatum
533 719 599 761 seu
625 718 836 759 viscerum
867 717 1185 759 secernentium
1219 715 1458 772 pronunti·

173 795 273 836 ant;
310 783 457 837 Eaique
487 784 621 824 hodie
654 793 833 836 recepta
865 781 923 824 est
956 782 1114 836 opinio
1149 783 1203 823 dc
1234 781 1461 824 Struc'tum

170 850 332 897 Lienis,
369 860 624 902 quamquam
650 848 774 888 valde
798 849 962 888 incerta
994 857 1038 888 et
1060 846 1110 887 ad
1131 846 1274 900 legem
1297 846 1458 895 Patren-

170 913 458 965 chymatum‚
518 913 655 953 iudice
687 911 836 952 saltem
871 911 1035 962 oculo,
1087 924 1239 964 parum
1281 920 1460 950 accom-

172 977 354 1017 modata
379 1004 391 1027 ‚
443 988 620 1030 tumque
653 975 881 1029 postremo
913 989 1011 1016 cum
1040 976 1242 1016 vasorum
1277 972 1460 1014 confor-

175 1042 402 1091 matione,
443 1041 655 1094 sanguinis
693 1041 735 1080 in
778 1052 834 1080 eo
876 1040 1175 1082 exundatione
1201 1065 1213 1089 ‚
1255 1049 1352 1078 cum
1382 1036 1465 1077 situ

172 1104 368 1158 pendulo
411 1105 585 1159 aliisque
639 1103 962 1158 Phaenomenis
1009 1102 1123 1144 male
1168 1102 1463 1144 concordans.

171 1168 339 1217 Porro,
381 1169 498 1222 qnod
531 1171 582 1210 de
605 1178 731 1209 motu
762 1170 976 1220 sanguinis
1015 1167 1196 1221 splenici
1229 1166 1460 1219 allegatur,

175 1233 394 1271 cernimus
417 1231 663 1283 sanguinem
687 1243 860 1283 quoque
883 1232 1063 1271 aliarum
1092 1232 1283 1283 partium
1306 1230 1355 1268 ab
1374 1229 1462 1270 He·

180 1303 283 1346 pate
302 1293 464 1343 recipi,
507 1293 755 1344 sanguinem
780 1293 983 1332 nimirum
1010 1295 1207 1344 omenti,
1237 1293 1464 1333 ventricu-

182 1357 237 1405 li,
271 1355 544 1405 mesenterii,
584 1355 1006 1409 intestinorumque,
1049 1356 1100 1396 de
1123 1369 1301 1408 quarum
1325 1356 1464 1409 parti-

181 1432 253 1460 um
284 1418 482 1459 structura
511 1429 742 1471 earumque
772 1417 916 1458 refluo
946 1419 1150 1472 sangnine
1176 1445 1186 1468 ,
1242 1418 1271 1459 s1
1310 1419 1464 1460 conse·

183 1484 352 1538 quentia
372 1482 496 1536 snpra
526 1490 779 1522 memorata
800 1495 905 1524 vera
939 1482 1068 1532 effet‚
1111 1483 1228 1523 idem
1259 1485 1378 1538 quod
1411 1484 1465 1524 de

180 1546 324 1589 Lienis
353 1546 554 1588 structura
589 1546 794 1587 iudicium
828 1546 1145 1601 proferendum
1175 1546 1305 1598 esset,
1346 1548 1466 1604 qnod

183 1621 329 1652 tamen
355 1612 578 1652 euidenter
599 1610 744 1651 falsum
769 1611 839 1652 est.
909 1612 1029 1653 Pone
1051 1623 1188 1661 vero,
1228 1611 1365 1654 solum
1395 1624 1466 1652 ra-

187 1686 303 1714 mum
326 1673 559 1727 splenicum
582 1676 634 1716 ad
655 1676 803 1728 Hepnr
825 1676 1034 1727 tendere,
1075 1687 1247 1717 caetera
1270 1677 1364 1717 vasa
1386 1687 1464 1716 ve-

187 1737 288 1778 nosa
310 1739 567 1779 Abdominis
588 1741 632 1780 in
653 1752 814 1780 venam
841 1741 1005 1784 Caunm
1028 1741 1274 1789 terminati,
1297 1740 1464 1794 sangui-

190 1814 373 1855 nemque
393 1796 534 1844 Lien‘ls
557 1807 571 1853 (
593 1804 766 1845 excluso
789 1807 912 1847 omni
934 1804 1115 1846 aliarum
1137 1816 1347 1845 venarum
1371 1804 1466 1844 san-

187 1867 354 1919 guine)
384 1867 433 1907 ad
461 1868 606 1922 Hepar
627 1870 898 1920 transmitti,
922 1879 1014 1910 tnm
1036 1869 1177 1910 forsan
1201 1869 1251 1908 de
1273 1869 1465 1924 quodam

189 1930 377 1981 negotio
395 1942 465 1972 aut
479 1931 1465 1986 commerciointei·}1eparetLienermsuspi-

188 1995 258 2032 cio
285 1993 390 2033 lizutd
412 1996 555 2037 iniusta
578 1996 872 2047 formaret11r3
902 1997 986 2038 Scd
1009 2010 1064 2037 eo
1087 1998 1128 2037 in
1153 1996 1242 2036 casn
1270 1996 1465 2039 distincta

190 2059 338 2111 pronti
362 2059 535 2112 quidem
561 2060 668 2101 mihi
698 2062 874 2102 videtur
906 2063 1033 2105 Rami
1069 2061 1261 2116 Splcnici
1295 2061 1466 2103 indoles

187 2121 419 2173 conspicua
442 2123 568 2176 esset,
596 2125 712 2181 quod
736 2135 882 2166 tamen
909 2138 1173 2182 nequaquam
1197 2125 1464 2168 obstruatur„

256 2183 366 2227 Tom.
389 2185 474 2229 IV.
819 2190 863 2233 X
1157 2191 1178 2198 '⁸
1367 2189 1461 2230 Ma·
