1976 2605
583 172 662 217 IN
712 171 966 220 FLUIDO.
1362 190 1385 229 7
1401 194 1418 219 1

141 299 440 341 chronismum
471 293 814 336 oscillationibus
845 295 1032 335 inducat.
1109 294 1277 335 Verum
1302 295 1423 335 istam

140 364 437 418 quaestionem
479 360 675 400 nondum
715 359 908 399 enodate
947 358 1067 400 licuit
1091 387 1102 409 ,
1157 372 1254 399 cum
1296 360 1426 413 plane

141 427 348 469 diffiniilis
371 426 416 466 sit
441 421 526 479 ejus
555 435 660 476 quae
692 424 743 461 ad
770 435 951 462 vacuum
986 423 1160 476 spectat.
1232 425 1343 464 Nam
1375 425 1426 465 ad

139 506 234 534 rem
267 491 428 531 codem
465 487 628 536 modo,
669 498 757 538 quo
786 487 829 525 in
859 498 999 526 vacuo
1024 487 1136 536 feci,
1180 487 1426 539 expedien-

143 557 242 597 dam
273 566 383 609 opus
411 553 487 604 est,
525 560 571 591 vt
601 550 641 590 in
673 549 831 589 duabus
865 551 1002 590 curuis
1037 551 1134 590 data
1163 559 1205 588 et
1239 551 1428 603 quaesita

144 622 230 660 duo
261 619 430 672 semper
459 615 613 668 puncta
642 614 735 653 dari
760 623 919 668 queant
941 641 952 663 ,
1007 614 1051 653 in
1081 613 1232 669 quibus
1258 627 1425 668 corpo·

143 687 200 726 ris
223 681 452 724 oscillautis
473 679 723 720 celeritates
751 678 841 719 funt
862 678 1083 733 aequales,
1126 689 1254 732 atque
1278 689 1324 719 vt
1347 691 1427 719 eo·

143 760 235 789 rum
269 744 584 786 determinatio
615 755 704 784 non
735 744 785 785 ab
818 743 905 797 ipsa
935 744 1176 785 velocitate
1209 743 1430 797 pendeat;

136 810 206 852 sed
228 810 370 862 quibus
393 810 435 848 in
467 809 634 862 punctis
662 819 747 849 vna
774 807 1053 849 oscillatione
1082 806 1334 849 celeritates
1353 820 1425 848 ae·

137 873 281 927 'quales
320 874 492 914 suerunt
512 901 524 923 ,
577 872 740 914 ibidem
770 873 812 913 in
851 872 943 914 aliis
971 871 1318 913 oscillationibus
1345 871 1427 914 siut

137 940 349 992 aequales.
416 937 466 979 Id
485 949 597 979 vero
617 950 715 978 cum
739 938 782 979 in
804 937 940 979 fluido
961 937 1060 979 fieri
1083 948 1293 991 nequeat,
1318 949 1428 978 Con·

135 1012 283 1044 tentus
308 1001 376 1042 hic
397 1014 477 1043 ero
498 1015 594 1043 eam
615 1003 927 1044 determinasse
955 1014 1158 1051 curnam,
1200 1001 1325 1056 super
1347 1013 1430 1054 qua

135 1078 298 1120 corpus
322 1066 584 1107 descendens
603 1066 770 1122 aequali
799 1067 974 1123 semper
1000 1077 1215 1121 tempore
1241 1067 1293 1108 ad
1315 1077 1430 1120 pun-

134 1130 249 1172 stum
277 1130 476 1173 infimum
506 1133 744 1186 pertingat.

267 1190 303 1238 §.
347 1199 389 1236 8.
465 1194 529 1237 Sit
565 1196 700 1240 CMA
737 1207 866 1238 curua
895 1193 1083 1250 quaefita
1115 1195 1167 1236 ad
1197 1206 1328 1237 axem
1354 1194 1428 1238 ΑΡ

132 1259 394 1300 verticalem
413 1258 565 1301 relata.
603 1262 726 1302 Hanc
746 1257 831 1313 ejus
856 1261 939 1300 esse
961 1269 1151 1311 oportet
1174 1259 1425 1312 proprieta-

135 1330 250 1368 tem,
289 1329 336 1358 vt
360 1331 521 1370 corpus
541 1323 666 1372 super
686 1332 734 1359 ea
753 1322 798 1360 in
830 1320 970 1361 fluido
998 1320 1219 1362 collocata
1249 1322 1426 1363 descen-

137 1382 242 1422 dens
270 1381 511 1435 aequalibus
541 1383 816 1434 temporibus
845 1383 899 1423 ad
923 1384 1129 1434 punctum
1158 1384 1357 1425 infimum
1385 1387 1426 1426 A

134 1445 385 1499 perueniat,
412 1443 653 1498 vbicunque
674 1444 921 1486 descensum
944 1446 1145 1487 adorsum
1167 1444 1312 1488 fuerit.
1353 1448 1423 1489 Fi·

131 1518 174 1550 at
195 1507 226 1549 is
246 1519 301 1549 ex
321 1508 378 1559 E,
414 1507 691 1562 perspicuum
712 1507 792 1561 est,
829 1521 990 1563 corpus
1011 1510 1316 1553 descendendo
1339 1526 1361 1554 a
1380 1512 1426 1555 vi

128 1573 384 1625 grauitatis,
425 1582 638 1627 quatenus
668 1569 751 1629 ejus
770 1575 963 1627 grauitas
980 1573 1179 1629 specifica
1202 1572 1342 1631 major
1363 1575 1426 1618 est

129 1636 224 1688 illa,
263 1649 388 1692 quam
417 1636 550 1680 babet
571 1637 781 1690 fluidum,
821 1640 1038 1680 contiuuo
1059 1639 1320 1691 accelerari,
1369 1639 1421 1683 fi-

129 1700 221 1741 mul
237 1713 348 1743 vero
381 1714 573 1756 propter
590 1702 878 1745 resistentiam
906 1703 1030 1744 fluidi
1047 1706 1266 1746 continuo
1286 1707 1331 1746 in
1351 1717 1419 1746 ra·

130 1765 257 1806 tione
293 1765 509 1819 duplicata
537 1767 815 1810 celeritatum
851 1769 1099 1819 retardari,
1148 1770 1294 1810 donee
1321 1781 1421 1810 tan-

129 1829 230 1869 dem
252 1829 293 1869 in
313 1830 353 1872 A
374 1832 565 1874 retineat
585 1843 751 1874 certam
773 1832 1074 1884 celeritatem,
1095 1845 1223 1888 quam
1250 1845 1419 1886 ponam

129 1893 172 1933 in
193 1905 333 1935 vacuo
351 1896 512 1949 acquiri
534 1896 654 1951 posse
676 1895 794 1952 lapfia
815 1910 870 1940 ex
886 1898 1119 1940 altitudine
1138 1896 1174 1937 h.
1232 1898 1294 1938 Vt
1314 1909 1418 1938 cor·

128 1970 204 2010 pus
225 1969 279 1999 ex
298 1960 337 2001 A
364 1957 442 2000 hac
464 1959 696 2001 celeritate
729 1961 867 2003 rursus
894 1963 938 2003 in
963 1963 1000 2003 E
1024 1973 1157 2016 vsque
1183 1961 1423 2004 ascendere

128 2021 289 2074 poffix,
333 2034 523 2078 oportet
547 2025 777 2081 grauitatis
804 2026 918 2076 vim,
962 2037 1068 2081 quae
1090 2038 1197 2068 ante
1223 2038 1416 2080 promo·

124 2087 253 2128 nebat
274 2113 286 2137 ,
335 2087 581 2141 aduersam3
621 2088 887 2132 resistentiae
909 2102 1020 2132 vero
1040 2091 1154 2143 vim,
1183 2104 1291 2145 quae
1312 2099 1420 2132 ante

125 2151 301 2197 aduersa
327 2162 448 2207 erat,
486 2164 600 2197 nune
623 2155 854 2202 secundam
882 2165 927 2198 et
954 2166 1417 2212 promouentem·po-

1335 2229 1417 2260 ner

1467 1208 1532 1248 Εἷς.
1555 1215 1589 1238 ι,
