1976 2605
573 178 674 228 27⁷8
1021 166 1111 216 DE
1148 163 1425 217 VARAGIS

572 294 759 338 mundus
784 284 985 339 ΕΙεᾶοτ,
1025 286 1204 329 Pruffiae
1235 287 1435 329 ducatum
1473 285 1622 329 domui
1648 287 1740 329 suae
1775 286 1839 331 cii-⁴

571 355 798 404 ninxisset,
839 352 1142 405 crediditque,
1184 353 1369 393 eundem
1399 352 1443 391 in
1492 351 1640 392 Pruffia
1685 353 1839 394 statum

573 430 674 461 ante
703 427 774 458 tot
802 416 939 458 secula
967 416 1100 457 fuisse.
1166 415 1238 457 De
1265 414 1415 457 Pruffia
1438 414 1533 455 sane
1567 416 1725 457 Ioanni
1757 417 1840 457 Ba-

571 482 680 524 filidi
692 481 857 535 Regiid
875 480 1011 534 ipsum
1026 479 1269 533 persuasum
1284 479 1415 529 fuisse,
1429 479 1602 519 Paulum
1613 479 1841 520 Oderbor-

572 548 692 587 nium
721 556 763 586 et
792 545 969 585 Petrum
997 544 1216 585 Petreium
1263 544 1456 584 auctores
1492 542 1647 583 habeo.
1690 543 1774 586 Sed
1795 551 1840 586 et

570 610 785 664 quaedam
804 608 916 648 istius
935 609 1172 661 Regiscum
1187 607 1376 649 Alberto
1393 607 1516 648 Duce
1536 608 1626 649 asta
1646 607 1837 658 exstant,

575 685 631 716 ex
650 673 793 726 quibus
815 682 914 713 tota
931 685 996 712 res
1016 683 1059 713 et
1083 672 1308 725 opinionis
1328 672 1439 712 istius
1457 671 1569 724 quasi
1586 672 1736 712 lacerti
1750 682 1840 711 ma-

573 739 638 789 gis
665 745 909 789 apparent,
950 748 1056 789 quae
1088 746 1237 777 autem
1266 748 1403 789 aequo
1433 737 1582 775 animo
1612 733 1841 775 distimulet-

574 812 622 840 re
653 801 844 853 poffum,
879 799 1052 852 quando
1089 800 1294 854 opinioni
1330 800 1390 840 illi
1427 798 1509 840 alia
1545 798 1719 839 infinita
1752 796 1842 837 fere

575 863 760 905 obstant.
830 862 1077 905 Matthaeus
1095 864 1341 905 Praetorius
1360 863 1532 916 quidem
1553 875 1647 902 eam
1667 870 1842 915 gratan-

573 938 644 969 ter
670 928 863 980 accepit,
905 937 1063 967 vocem
1092 939 1114 965 e
1142 927 1374 965 Prutenico
1401 926 1601 966 sermone
1622 926 1841 977 interpre-

573 999 713 1039 tatuS‚
754 1001 975 1042 tamquam
1020 989 1049 1029 ss
1096 988 1257 1040 Varagi
1301 986 1436 1027 effent
1477 985 1645 1027 Vareiis
1683 1013 1695 1037 ,
1731 987 1842 1039 quast

571 1051 769 1103 compztlst.
837 1051 1045 1089 Potuisset
1074 1051 1235 1089 eodem
1264 1050 1427 1089 referre
1466 1048 1648 1100 Wargcn
1684 1062 1843 1101 pagum

575 1115 669 1166 agri
699 1111 952 1155 Sambienfis
975 1113 1117 1153 veteri
1146 1123 1290 1151 rerum
1315 1110 1568 1151 celebritate
1592 1122 1633 1150 et
1654 1109 1742 1150 Rus
1761 1110 1842 1150 flu-

574 1177 694 1217 uium
724 1177 932 1228 proxime
966 1187 987 1214 a
1015 1174 1221 1214 Memela.
1289 1174 1364 1215 Me
1385 1185 1517 1222 vero,
1558 1182 1654 1212 vtut
1676 1173 1844 1223 patriae

575 1239 775 1291 impense
801 1239 957 1287 faueo,
995 1248 1143 1277 tamen
1173 1237 1244 1277 ille
1268 1249 1419 1277 rumor
1454 1248 1507 1275 ne
1564 1233 1842 1274 similitudine

576 1302 750 1354 quidem
779 1302 874 1342 veri
903 1299 1112 1349 suffultus,
1156 1312 1244 1340 non
1270 1299 1468 1340 delectat.
1541 1296 1583 1338 Si
1605 1298 1840 1350 quidprae-

576 1375 697 1405 terea
728 1365 812 1416 est,
850 1365 967 1418 quod
998 1365 1192 1417 cuiquam
1225 1364 1266 1402 in
1293 1362 1520 1405 Praetorio
1548 1360 1674 1413 poffit
1696 1360 1841 1414 place-

574 1441 622 1468 re
645 1455 654 1476 ‚
696 1429 737 1467 id
761 1429 899 1480 ipsum
926 1426 1099 1478 prolata
1121 1425 1465 1476 confirmataque
1488 1424 1700 1464 sententia
1722 1436 1837 1475 mea,

577 1490 828 1542 displicebit.
896 1491 952 1530 Et
979 1490 1220 1529 Praetorius
1249 1499 1360 1528 vero
1382 1487 1544 1528 Pruffos
1562 1492 1841 1528 veterescum'

579 1552 844 1594 Slauicarum
874 1553 1070 1603 gentium
1103 1551 1297 1603 stirpibus
1334 1550 1558 1591 confudit:
1596 1553 1712 1604 quod
1742 1558 1841 1591 eum

577 1617 682 1655 dolo
722 1616 840 1654 malo
880 1615 1053 1664 fetiffe,
1096 1625 1141 1654 vt
1187 1616 1363 1655 Polonis
1417 1613 1722 1663 assentaretur,
1764 1614 1839 1654 de-

575 1678 816 1721 monstrare
845 1678 1027 1730 possum.
1096 1679 1306 1729 Populum
1333 1677 1556 1718 Prussicum
1587 1677 1750 1718 duobus
1778 1677 1839 1716 fe·

575 1755 621 1783 re
651 1751 751 1781 ante
782 1743 987 1783 Ruricum
1020 1742 1164 1781 seculis
1198 1742 1274 1781 hac
1309 1742 1351 1780 in
1389 1742 1571 1793 regione
1600 1768 1611 1791 ‚
1650 1741 1837 1781 eundem

577 1805 728 1852 fuisse,
771 1816 896 1858 quem
929 1805 1075 1858 postea
1105 1807 1280 1856 Equites
1297 1804 1532 1844 Teutonici
1551 1805 1837 1858 subiugarunt,

574 1869 660 1909 hoc
684 1868 764 1917 est,
787 1873 991 1920 corporis
1021 1870 1208 1909 eiusdem
1231 1881 1326 1908 cum
1347 1868 1590 1917 Lithuunis‚
1631 1868 1837 1916 Curonis,

575 1933 950 1981 Lettis,diue1·st1<÷
988 1942 1129 1972 nutem
1159 1945 1181 1970 a
1230 1932 1406 1973 Slauicis
1451 1932 1646 1983 gentibus
1683 1931 1837 1984 stirpis,

575 1997 686 2035 adeo
719 1997 885 2047 poll'um
917 1995 1217 2045 confirmare,
1259 2005 1305 2034 vt
1336 1994 1487 2034 nullius
1510 1995 1697 2036 hominis
1751 1996 1834 2034 dis‹

574 2058 814 2098 sensionem
847 2060 1168 2112 pertimescam.
1236 2059 1376 2114 Quare
1415 2058 1627 2111 quodhac
1654 2060 1698 2098 in
1735 2058 1832 2110 opi-

1731 2133 1831 2161 nio-

658 2217 715 2255 (2)
761 2220 794 2247 ln
820 2218 902 2249 Orbe
920 2198 1056 2251 {iunco
1079 2220 1098 2250 1.
1124 2230 1174 2251 ῑῐ.
1199 2229 1229 2252 2.
1248 2221 1281 2252 60
