1976 2605
510 197 973 251 MuchLORUM
1340 218 1433 260 247

283 323 318 372 §-
365 331 438 369 16.
507 325 599 369 Nisi
628 334 781 366 natura
809 324 852 365 in
881 323 1180 367 construendis
1208 335 1256 366 ac
1283 323 1437 367 locan-

152 393 216 436 dis
243 394 440 435 musculis
469 389 712 432 extendendo
735 388 873 445 pollici
903 391 1056 431 dicatis
1075 389 1319 444 simplicior
1333 390 1439 434 esset

154 470 197 499 ct
227 459 502 500 constantior
522 483 534 507 ,
575 468 703 509 quam
732 462 938 496 autorum
963 455 1003 494 in
1028 455 1317 497 describendis
1355 456 1438 500 illis

153 522 376 565 confusio:
413 522 498 564 fine
521 520 652 560 du'uio
683 519 733 558 ab
762 517 940 558 illorum
966 520 1169 559 examine
1192 519 1437 563 abstineres.

151 588 309 642 Neque
344 588 413 629 hic
440 584 624 627 multum
657 583 765 624 novi
811 581 965 623 adduci
1018 582 1140 637 poss‘e
1196 584 1439 637 arbitreris,

151 664 248 693 cum
279 665 335 694 cx
364 661 568 693 veterum
597 648 750 690 sedulis
777 647 996 689 laboribus
1017 649 1058 688 in
1082 648 1350 689 memoriam
1371 661 1438 690 re·

150 729 314 758 vocare
340 715 555 757 l'uffecerit
579 742 590 764 ,
631 725 739 768 quae
769 725 791 754 a
820 713 1061 755 neotericis
1097 713 1295 766 neglecta
1330 713 1444 767 sunt·,

149 781 208 821 ita
235 782 356 821 enim
387 780 621 835 apparebit
652 806 665 831 ‚
707 777 842 820 talem
884 790 1040 820 eorum
1091 778 1441 832 descriptionem

150 844 240 885 dari
290 844 410 900 poil‘e
433 873 445 897 ‚
484 856 592 899 qnae
622 856 720 886 cum
759 843 952 886 subiectis
973 843 1174 884 omnibus
1197 843 1309 884 mire
1329 855 1440 883 con-

147 910 311 950 veniat.
382 911 672 968 Quapropter
701 921 931 962 exponere
951 908 1082 949 liceat
1103 934 1116 959 ‚
1157 909 1257 963 quid
1281 908 1442 962 depre-

147 971 344 1016 hendere
373 973 681 1030 quaerentibus
710 975 836 1015 nobis
864 974 1158 1026 contingerit.
1225 970 1324 1014 Duo
1344 972 1442 1015 sunt

149 1039 334 1090 proprie
365 1033 551 1079 Muscult'
578 1038 754 1091 pollicis
776 1063 789 1087 ‚
827 1037 977 1091 quibus
1024 1043 1145 1078 exten
1165 1038 1251 1076 oris
1288 1049 1442 1081 munus

149 1101 387 1153 tribuitur·,
423 1114 520 1142 unus
556 1098 726 1154 inferior
756 1112 812 1140 ex
849 1099 977 1139 ulnae
1031 1100 1183 1140 medio
1241 1110 1443 1154 exortus,

146 1175 275 1219 atque
304 1166 353 1206 ab
379 1163 629 1206 Extensore
651 1163 897 1217 digitorum
918 1164 1180 1216 communi,
1213 1165 1440 1209 interdum

146 1240 258 1268 vero
312 1229 473 1282 (quod
511 1226 704 1269 Vesalius
751 1229 1048 1284 praetendit)
1085 1228 1136 1268 ab
1182 1229 1440 1271 Extensore

149 1290 302 1330 indicis
341 1292 569 1344 proprio,
610 1291 752 1332 solutu
790 1292 978 1333 difficilis
1016 1292 1249 1332 secundum
1287 1292 1439 1349 longi·

150 1354 351 1394 tudinem
378 1354 507 1396 cubiti
537 1354 823 1408 progreditur
844 1382 857 1406 ,
900 1355 1058 1397 deinde
1088 1355 1288 1398 fossulam
1320 1358 1438 1401 suam

152 1419 380 1472 propriam
411 1419 534 1459 radio
573 1418 830 1470 insculptam
872 1419 994 1460 iuxta
1042 1421 1243 1462 tendines
1274 1423 1438 1467 radiaei

152 1482 324 1522 externi
351 1490 648 1522 transcurrens
683 1480 828 1521 versus
862 1482 1076 1535 pollicem
1111 1482 1351 1527 inflec‘titur
1388 1495 1437 1528 et

152 1545 321 1587 mediae
366 1547 612 1600 extimaque
649 1546 736 1587 eius
774 1545 1015 1602 phalangae
1059 1546 1215 1589 tendine
1259 1549 1439 1606 fimplict'

153 1609 354 1664 affigitur.
420 1611 562 1664 Erigit
595 1609 667 1652 hic
700 1611 909 1654 musculus
930 1639 942 1663 ,
981 1612 1048 1654 seu
1083 1612 1296 1664 extendit,
1337 1627 1434 1657 non

150 1675 321 1728 quidem
353 1674 562 1729 pollicem
601 1676 822 1728 integrum
847 1703 859 1727 ,
896 1677 969 1718 sed
1006 1676 1200 1719 eiusdem
1247 1678 1434 1732 phalan-

151 1749 249 1790 gam
276 1740 487 1781 extimam
509 1767 522 1792 ‚
561 1750 607 1780 et
636 1739 664 1781 ss
694 1739 851 1781 fortius
879 1751 978 1795 agat
999 1768 1012 1791 ‚
1053 1742 1186 1783 etiam
1216 1743 1430 1796 mediam,

152 1804 341 1855 primum
380 1816 490 1845 vero
532 1803 838 1847 internodium
885 1807 1126 1848 immotum
1171 1806 1381 1862 relinquit
1419 1825 1432 1852 z

150 1877 422 1925 quapropter
454 1869 720 1913 abductionis
757 1870 875 1913 actio
914 1883 939 1913 a
975 1869 1202 1915 Columbo
1237 1872 1320 1925 (i)
1346 1872 1430 1930 ipfi

151 1931 258 1973 salso
295 1933 643 1981 attribuitur..

279 1991 315 2039 §-
361 1999 716 2050 17.-Musculus
739 1999 882 2050 alter,
921 2012 1051 2056 quam
1078 2012 1184 2044 vere
1213 1997 1432 2046 Extensor

146 2058 300 2113 pmii-is
348 2062 431 2104 dici
474 2075 729 2116 mereatur,
770 2065 1057 2118 dispiciamus.
1127 2066 1283 2108 Pollex
1325 2081 1425 2111 eum

151 2124 285 2179 Carpi
323 2125 499 2170 ossiculo
529 2129 687 2184 quinto
720 2130 918 2184 iungitur
970 2144 1055 2186 per
1105 2131 1430 2176 articulationis

1140 2224 1250 2246 ,.
1326 2198 1425 2251 spe·
