1976 2605
577 166 636 209 27
648 168 672 197 2
1022 149 1114 198 DE
1153 150 1187 198 S
1193 149 1370 198 TATV
1365 151 1409 199 Α.

570 274 964 315 cedaemoniorum
997 269 1124 311 classe
1154 271 1205 311 ad
1229 270 1416 313 Cnidum
1438 269 1658 324 superata,
1700 267 1843 318 Athe-{

572 341 636 378 nis
663 339 782 377 iuxta
811 350 928 377 mare
959 336 1173 375 dedicauit
1196 335 1435 376 Venerem.
1506 336 1705 378 Cnidiam
1726 337 1840 388 sane,

570 402 640 441 sed
669 413 757 440 non
802 400 910 441 hanc
959 392 1197 450 Εὔπλοιαν,
1237 412 1344 452 quae
1391 401 1586 441 nondum
1636 401 1846 441 exstabat.

567 464 671 505 Puta
700 465 881 505 alteram
914 465 1175 506 Cnidiorum
1204 465 1406 518 Ακςαιαν.
1473 465 1530 505 Et
1559 463 1741 505 mosille
1765 477 1841 505 ve-

569 536 713 569 terum
735 528 949 569 artificum
973 529 1151 582 insignia
1174 541 1311 580 opera
1332 528 1533 568 imitandi
1555 555 1565 577 ‚
1609 522 1845 581 numquam

567 594 765 645 cuiquam
806 593 1007 633 statuario
1043 593 1252 632 dedecori
1297 592 1375 631 fuit
1410 593 1453 631 in
1482 591 1665 635 Graecia
1687 618 1699 642 ,
1740 602 1785 632 vt
1812 590 1843 635 ss

568 668 694 709 quam
726 656 904 697 statuam
932 658 984 696 ad
1009 656 1262 709 exemplum
1300 656 1452 697 fictam
1477 657 1668 696 dicamus
1687 683 1699 707 ‚
1735 652 1843 695 nihil

569 728 720 760 tamen
749 732 803 760 ex
823 731 917 759 arte
942 721 1196 775 decerptum
1235 720 1429 762 velimus.
1496 720 1720 762 AtVenus
1744 719 1842 759 Me·

571 784 691 823 (licea
723 795 775 822 ne
800 782 1053 837 exemplum
1086 786 1259 839 quidem
1311 785 1494 826 Cnidiae
1540 784 1624 824 effe
1680 781 1840 836 potest.

568 847 732 888 Videte
761 859 856 887 eam
887 848 928 886 in
958 847 1185 889 Dominici
1217 846 1335 891 Roffi
1397 849 1626 902 splendido
1683 858 1840 899 opere,

571 913 640 962 (4)
678 912 722 950 in
741 923 827 964 quo
858 911 962 950 nihil
983 913 1042 952 ita
1069 914 1208 951 miror
1232 938 1243 959 ,
1285 925 1410 963 quam
1440 911 1655 965 insignem
1685 912 1843 952 incon-

570 975 795 1025 stantiam,
819 976 937 1029 quod
965 976 1052 1029 ipsa
1080 975 1213 1016 statua
1233 973 1286 1015 fic
1305 973 1551 1016 inscribitur

687 1095 1032 1140 ΔΙΟΜΗΔΗΣ
1078 1095 1551 1140 ΑΠΩΛΛΟΔΟΡΟΣ

805 1165 890 1205 ΑΘ
899 1166 974 1204 ΗΝ
984 1160 1131 1204 ΑΙΟΣ
1161 1163 1371 1203 ΕΠΟΙΕΙ

570 1289 741 1332 illustris
776 1303 886 1330 vero
916 1288 1096 1331 Maffeus
1125 1289 1170 1330 in
1200 1286 1534 1331 commentariis
1559 1285 1695 1328 veluti
1714 1284 1845 1329 alium

573 1358 746 1397 titulum
779 1356 937 1397 edidit:
977 1357 1044 1405 (5)

689 1478 1077 1524 KAEOMENHC
1134 1478 1593 1520 ΑΠΟΛΛΟΔΟΡΟΥ

808 1542 1130 1586 ΑΘΗΝΑΙΟΕ
1177 1543 1390 1583 EHOIEI

690 1674 740 1715 In
772 1670 1047 1725 Apollodori
1084 1669 1266 1711 nomine
1295 1669 1401 1710 duae
1423 1678 1648 1709 extremae
1668 1666 1844 1713 litterae

574 1752 597 1779 a
629 1738 792 1779 Maffeo
823 1739 970 1789 vtique
997 1735 1107 1775 bene
1136 1734 1352 1774 restitutae
1373 1736 1489 1775 sunt:
1528 1745 1676 1773 tantae
1699 1744 1844 1773 autem

572 1803 818 1844 innomine
851 1799 1134 1850 diuerfitatis‚
1173 1809 1220 1838 vt
1249 1798 1319 1838 hic
1355 1798 1622 1840 Cleomenes
1644 1796 1764 1847 esset,
1788 1797 1846 1839 ibi

572 1868 852 1915 Diomedes,
895 1866 959 1904 cui
980 1863 1150 1917 culpam
1174 1863 1390 1915 imputem
1412 1863 1571 1911 video,
1612 1863 1700 1914 quis
1726 1862 1845 1900 enim

575 1931 727 1973 Maffei
749 1929 992 1971 eruditioni
1011 1940 1214 1982 vmquam
1242 1925 1414 1977 diffidit,
1431 1939 1536 1979 quae
1560 1928 1721 1966 lumma
1744 1925 1837 1974 fuit,

1777 1998 1842 2027 at-

659 2099 713 2136 (4)
741 2097 881 2125 Roccozra
898 2095 930 2122 di
945 2094 1036 2128 statue
1052 2095 1158 2122 antiche
1182 2092 1360 2136 ελτηοάςνηρ,
1384 2093 1451 2119 dara
1471 2094 1498 2119 in
1511 2093 1570 2118 luce
1590 2091 1628 2118 da
1644 2089 1794 2136 Dominic'o*
1811 2087 1845 2117 dt

574 2138 663 2174 Rosj‘i
689 2159 697 2172 ³
722 2139 860 2172 illustrata
902 2137 932 2163 di
978 2136 1071 2163 Paolo
1119 2134 1290 2168 Alesjandro
1331 2132 1452 2167 stlaffei
1486 2134 1512 2160 in
1535 2131 1627 2159 Roma
1653 2136 1742 2166 1704.
1779 2129 1844 2157 lab.

580 2182 712 2209 xxvn.
739 2178 827 2208 Cor-af.
854 2176 1016 2205 Bernartius
1038 2176 1232 2204 Montfancon
1257 2175 1287 2201 in
1310 2173 1547 2211 Antiquitatibus
1563 2173 1708 2203 illustratis
1725 2178 1795 2198 tom.
1819 2170 1843 2199 Ι.

576 2229 659 2262 parte
686 2225 707 2250 Ι.
730 2222 788 2250 tab.
805 2219 873 2249 CH.
920 2218 969 2255 (ς)
991 2227 1018 2254 p.
1041 2219 1089 2251 28.
