1976 2605
627 142 1025 209 INDEX

400 291 1267 356 COMMENTARIORVM

227 444 305 506 IN
380 441 680 503 CLASSE
747 439 1434 513 MATHEMATICA,

190 658 309 705 Frid.
354 653 553 713 Cristoph.
586 651 735 698 Μαίον’
791 655 843 696 de
888 655 1042 698 Orbita
1087 655 1186 698 solis
1221 655 1472 698 definienda

309 734 407 776 pag.
451 737 494 774 3.

188 785 278 830 Iac.
306 784 531 827 Hei-numm·
560 788 613 828 de
639 785 770 827 Locis
801 783 948 827 solidis
978 784 1030 825 ad
1062 796 1259 827 mentem
1285 783 1472 827 Cartesii

307 851 527 891 concinne
557 849 869 890 construendis.
908 861 1003 902 pag.
1042 861 1113 900 15.

188 912 306 957 Frid.
337 912 531 969 Cristoph.
570 909 719 955 Maier
746 915 797 954 de
821 914 1218 967 Aequinoctiorum
1243 922 1286 952 et
1319 911 1473 953 Solsti-

307 980 474 1020 tiorum
513 980 796 1027 momentis,
839 989 918 1018 nec
969 990 1060 1018 non
1107 978 1160 1017 de
1200 976 1471 1031 Obliquitate

305 1043 550 1095 Eclipticae
588 1043 873 1085 obseruandis.
903 1054 1000 1096 pag.
1039 1053 1113 1093 25.

188 1105 1318 1161 EjusdcmProblemaTrigouometricosphacricum.
1333 1119 1374 1160 p.
1391 1121 1413 1157 3
1430 1120 1467 1147 x.

187 1171 276 1213 Iac.
306 1169 526 1213 Hei-manni
553 1171 864 1216 consideratio
895 1171 1140 1215 Curuarum
1178 1172 1222 1211 in
1262 1173 1471 1224 punctum
1504 1161 1509 1165 ’

305 1235 532 1290 positione
562 1239 710 1279 datum
741 1233 1068 1292 projestarum‚
1112 1245 1155 1276 et
1189 1236 1240 1276 de
1271 1234 1468 1276 affcctio-

304 1302 424 1340 nibus
455 1313 602 1338 earnm
633 1301 732 1331 ind-2
765 1301 1069 1340 pendentibus.
1102 1305 1198 1344 pag.
1234 1305 1313 1343 37.

185 1352 375 1403 Ejusdem
403 1352 455 1387 de
482 1351 630 1397 Ellipfi
661 1352 830 1385 Conica
854 1373 864 1392 ,
906 1351 1022 1385 cuius
1051 1352 1142 1387 axis
1161 1353 1370 1391 alteruter
1392 1357 1464 1392 da..

304 1422 370 1451 tus
400 1408 481 1457 est,
525 1406 684 1460 angulo
717 1407 939 1461 positione
969 1421 1013 1450 et
1035 1410 1336 1464 magnitudine
1359 1416 1465 1457 dato

301 1475 363 1516 ita
392 1470 692 1523 inscribenda,
731 1484 777 1513 vt
808 1483 1008 1514 centrum
1040 1475 1128 1514 eius
1159 1476 1275 1518 intra
1313 1477 1465 1521 datum

300 1536 503 1592 angulum
541 1537 590 1578 sit
631 1537 764 1579 ctiam
803 1537 1027 1592 positione
1059 1538 1222 1581 datum.
1262 1553 1360 1595 pag.
1381 1549 1462 1601 46.

182 1600 329 1647 Lconh.
361 1600 493 1644 Jiulcr
523 1602 575 1643 de
602 1602 982 1644 innumerabilibus
1010 1603 1165 1646 Curuis
1197 1606 1461 1650 tautochr'o-

302 1668 366 1708 nis
393 1669 435 1707 in
465 1679 617 1707 vacuo.
651 1680 749 1722 pag.
788 1683 866 1721 49.

183 1729 370 1786 Ejusdem
407 1732 548 1774 Curua
586 1733 880 1775 tautochrona
915 1734 958 1775 in
994 1733 1130 1775 fluido
1174 1734 1457 1779 resistentiam

303 1796 488 1837 faciente
519 1795 749 1839 secundum
781 1799 988 1854 quadrata
1015 1798 1458 1854 celeritatum.p.67.

183 1856 291 1902 Dan.
321 1859 524 1902 Bernoulli
552 1862 781 1904 Problema
811 1864 1157 1905 astronomicum
1202 1866 1458 1907 inueniendi

303 1925 575 1964 altitudinem
617 1926 744 1978 poli,
785 1942 867 1969 vna
898 1942 994 1969 cum
1025 1928 1325 1968 declinatione
1358 1929 1452 1969 stel-

300 1987 389 2036 lae,
431 1988 706 2042 eiusdemque
736 1991 1052 2032 enimin-‚itione
1075 2005 1131 2032 cx
1152 1993 1284 2032 tribus
1304 1992 1452 2035 altitu-

302 2051 465 2092 dinibus
491 2052 634 2093 stellae
666 2062 709 2092 et
738 2053 900 2095 duobus
929 2066 1184 2108 temporum
1217 2057 1455 2100 interuallis

301 2115 420 2157 breui
445 2117 612 2159 calculo
647 2117 848 2161 solutum.
879 2132 974 2174 pag.
1020 2124 1093 2172 89.

1349 2182 1449 2239 Jac.
