1976 2605
150 151 394 208 ADREM
400 146 900 200 SCLOPETAREAM
906 147 1291 200 PERTINENT.
1326 162 1421 213 269

285 294 356 336 ¹4·
422 273 742 317 Obduraculum
763 273 828 314 seu
856 273 1177 327 spissamentum
1202 301 1214 325 ‚
1256 275 1426 328 pulucri

153 344 281 400 pyrio
320 331 679 394 uiipoucndum,
719 340 941 391 optimum
989 337 1217 379 adhibetur
1251 366 1263 389 ,
1305 341 1425 394 quod

155 422 240 462 ope
271 406 455 460 cylindri
487 402 682 454 chilybei
713 403 807 444 caui
837 429 850 452 ‚
893 403 982 454 Fig.
1024 415 1045 452 5
1079 403 1139 452 B,
1170 414 1423 456 aperturam

152 472 335 524 scloptm
366 469 583 522 :icquantis
603 494 614 516 ,
655 467 746 507 acie
782 465 1009 518 praediti,
1052 478 1095 506 et
1127 467 1276 507 seusun
1299 469 1350 508 ad
1372 467 1422 509 fi-

151 549 302 590 guram
333 544 530 574 comeam
559 530 811 585 assurgentis
841 531 1175 581 patentiorem,
1215 542 1269 570 cx
1299 532 1422 584 pileo

154 600 444 649 exscinditur,
485 608 559 649 per
586 596 716 637 istum
746 593 892 634 mallei
921 591 1083 644 ferrei,
1121 606 1307 647 quorum
1349 597 1422 635 de⁶

155 665 254 704 iude
284 665 369 703 duo
396 661 699 703 combinantur
727 658 895 712 glutine
921 683 934 706 ‚
974 658 1062 711 Fig.
1087 663 1116 699 6
1153 657 1223 708 D,
1265 669 1311 698 vt
1349 672 1423 713 cy-

153 728 341 769 lindrum
374 726 562 768 reserant
583 751 596 775 ‚
636 735 769 778 aeque
801 734 905 763 vere
936 721 1069 762 altum
1102 735 1148 763 ac
1177 722 1338 772 latum,
1372 737 1425 765 ne

154 792 376 833 tenuiores
402 791 452 831 ad
479 791 587 830 latus
615 787 892 829 deflectendo
925 799 1069 827 aerem
1106 788 1424 829 transmittant.

150 855 246 896 Hoc
276 854 422 894 tubum
453 853 635 905 sclopeti
668 854 779 893 arcte
810 850 999 900 claudit,
1048 861 1091 891 et
1120 853 1255 892 virtus
1286 851 1424 892 clasti-

152 931 198 959 ca
225 918 408 971 pulueris
438 917 551 971 pyrii
580 920 812 959 coercetur
839 917 1011 970 optime
1035 943 1045 964 ‚
1090 929 1142 957 ne
1162 916 1212 957 ad
1236 917 1423 956 circum-

150 981 378 1023 serenti-,im
406 981 572 1035 globuli
601 991 804 1032 erumpat
833 1006 844 1028 ,
885 980 955 1019 scd
985 991 1165 1018 omnem
1203 979 1336 1019 nisum
1373 981 1425 1020 ad

151 1045 488 1100 propellendum
517 1043 696 1096 globum
727 1045 944 1082 intendat.

276 1106 311 1150 §.
357 1120 428 1156 15.
498 1106 710 1148 Globulus
740 1118 848 1145 vcro
882 1106 1070 1144 calutate
1102 1106 1256 1147 conica
1299 1118 1423 1159 prae·

146 1171 255 1212 ditus
283 1170 365 1210 leui
398 1170 586 1223 negotio
614 1169 726 1210 hunc
755 1172 798 1210 in
832 1172 1014 1210 modum
1044 1168 1288 1210 formatur:
1323 1170 1425 1210 Mo—

148 1234 250 1274 dulo
277 1224 327 1272 in'
346 1247 431 1286 quo
457 1233 620 1286 globuli
649 1234 838 1286 plumbei
867 1233 1102 1274 funduntur
1122 1235 1334 1274 incidatur
1358 1234 1424 1273 so-

149 1308 298 1337 ramen
324 1300 384 1347 (a)
413 1297 499 1351 fig.
530 1308 558 1347 7
599 1310 620 1337 a
656 1295 926 1336 infundibulo
973 1296 1032 1346 (lt)
1054 1310 1076 1337 e
1098 1298 1320 1339 diametro
1340 1311 1422 1352 op·

151 1359 350 1413 positum.
422 1360 469 1401 In
500 1359 583 1400 hoc
615 1359 814 1400 foramen
855 1360 1038 1413 ponitur
1086 1360 1248 1402 ferreus
1287 1375 1424 1404 conus

148 1423 206 1472 d,
244 1423 402 1464 collum
424 1421 466 1476 s
490 1426 533 1463 in
564 1424 642 1462 basi
674 1422 834 1462 habens
865 1423 1074 1463 foramini
1113 1425 1279 1465 moduli
1315 1439 1423 1467 con·

151 1487 306 1528 sorme.
369 1487 474 1528 Huic
503 1498 621 1526 cono
653 1484 1020 1539 superinfunditur
1050 1488 1273 1540 plumbum
1294 1491 1422 1544 liqui-

151 1553 248 1593 dum
271 1578 282 1600 ‚
322 1561 365 1591 et
393 1550 444 1591 fic
469 1549 690 1592 consec‘lus
720 1551 804 1591 erit
833 1549 1032 1604 globulus
1057 1549 1083 1590 h
1117 1579 1129 1603 ‚
1171 1552 1242 1607 fig.
1275 1567 1314 1593 2.
1352 1567 1421 1596 ca-

150 1618 281 1656 uitate
306 1616 458 1656 conica
499 1615 734 1669 praeditus.

274 1675 309 1722 §.
351 1684 422 1720 16.
490 1680 709 1738 Quoniam
739 1679 809 1719 liic
846 1679 898 1719 de
938 1679 1122 1734 globulis
1151 1684 1296 1723 sermo
1329 1683 1421 1734 fuit,

150 1735 752 1785 obseruationem'merentur
781 1755 823 1783 et
847 1743 913 1783 illi
934 1743 1127 1798 globuli,
1169 1747 1237 1800 qui
1260 1747 1420 1799 explo-

149 1807 176 1847 si
201 1819 243 1846 et
273 1806 403 1848 seram
433 1807 635 1850 ferientes
655 1810 698 1849 in
727 1820 915 1863 quatuor
943 1807 983 1849 se
1016 1810 1241 1862 explicant
1276 1811 1416 1852 etdis-

149 1870 286 1911 siliunt
310 1873 721 1927 partes,vulnusque
755 1874 950 1915 maxime
991 1874 1185 1928 amplum
1218 1874 1419 1930 infligunt

145 1935 202 1975 im
236 1946 279 1976 vt
307 1949 409 1989 aper
437 1937 505 1979 vel
533 1937 646 1979 vrsus
674 1938 722 1977 iis
752 1938 855 1979 ictus
888 1935 1030 1978 statim
1077 1941 1268 1982 anim-„im
1318 1952 1416 1982 cum

151 2001 256 2039 vnja
286 2000 489 2054 singuinis
518 2000 727 2042 effundit.

274 2058 308 2106 §-
354 2077 423 2115 17-
463 2063 1413 2111 Conficiunturillifiadmodulumconficia-

144 2134 212 2167 tur
241 2129 376 2169 tenuis
407 2142 461 2171 ex
505 2130 671 2174 bractea
718 2129 926 2183 cli-ilybca
976 2132 1192 2175 orbiculus
1239 2136 1328 2189 fig.
1373 2138 1414 2173 8.

1368 2198 1417 2236 ad

1483 428 1551 466 rig.
1567 435 1600 467 5.

1480 1626 1551 1664 Fig.
1567 1632 1601 1656 2.
