1976 2605
609 167 633 190 2
643 163 702 202 50
1013 156 1016 158 ·
1122 142 1207 189 DE
1242 145 1519 193 ΑεΤιοΝΕ

605 268 687 307 cile
715 266 980 320 principium
1010 275 1065 304 ex
1092 264 1190 316 ipso
1221 263 1409 304 fllexore
1436 265 1673 319 digitorum
1702 267 1874 311 sublimi

607 331 721 371 ducit
743 357 754 378 ,
797 342 818 367 a
838 341 922 381 quo
960 327 1083 367 facile
1105 327 1250 381 potest
1284 328 1471 381 separari
1493 343 1509 379 ·,-
1542 332 1763 386 postquam
1792 347 1868 376 γε,

603 406 657 432 ro
685 405 706 431 a
745 391 909 433 sublimi
944 390 1124 433 deflexit
1152 418 1164 442 ,
1207 392 1406 432 tendines
1433 393 1648 447 utriusque
1684 397 1727 435 in
1753 409 1867 437 rmum

603 456 733 508 plane
754 455 1001 496 coalescunt
1021 482 1033 506 ,
1074 465 1122 496 vt
1142 455 1255 496 nulla
1275 455 1494 496 diuifionis
1514 467 1621 497 nota
1639 470 1867 512 appareat,

604 521 677 572 qui
714 519 787 562 suo
822 518 929 562 loco
977 520 1027 561 ab
1063 519 1284 562 autoribus
1310 520 1406 561 satis
1433 519 1654 578 descripto
1680 524 1868 578 implan-

603 591 735 626 tatur.

732 707 771 756 §.
812 727 885 765 19.
951 713 1194 755 Palmarem
1222 711 1405 768 longum
1434 725 1762 769 nonnumquam
1794 708 1868 755 deal

601 773 773 828 ficere,
813 776 942 818 multi
975 787 1151 819 autores
1187 787 1396 820 notarunt
1434 795 1442 821 ς
1480 779 1589 820 mihi
1632 779 1749 820 idem
1793 778 1883 818 ali—-

599 841 774 893 quando
815 842 1045 883 observare
1090 843 1277 897 contigit
1309 844 1353 883 in
1394 843 1605 885 cadavere
1640 842 1874 893 feminino,

600 905 832 956 praesente
859 915 1011 945 tamen
1037 906 1299 957 aponeurofi
1326 908 1370 946 in
1401 905 1515 947 vola.
1589 905 1634 949 Si
1664 906 1872 946 musculus

599 966 691 1019 ipse
725 980 824 1007 cum
857 967 1122 1020 aponeurosi
1158 970 1271 1008 adest
1297 995 1308 1017 ,
1350 970 1506 1008 modus
1535 995 1546 1018 ,
1586 981 1672 1021 quo
1707 968 1874 1009 limites

597 1028 829 1083 jigamenti
849 1030 1062 1068 annularis
1086 1030 1433 1083 transgreditur,
1472 1032 1613 1071 varius
1644 1032 1871 1072 indicatur.

599 1090 860 1146 Quibusdam
890 1089 1145 1143 simpliciter
1170 1091 1465 1139 transcendit,
1508 1103 1578 1131 aut
1615 1093 1738 1142 supra
1765 1093 1872 1132 illud

598 1153 822 1205 ambulat3
859 1154 947 1193 eius
978 1154 1217 1194 sententiae
1243 1152 1360 1194 fuisse
1387 1153 1559 1193 videtur
1582 1153 1630 1194 B.
1651 1152 1871 1194 Eustachi-

596 1217 713 1255 usin
748 1216 1007 1257 Tabularum
1046 1217 1210 1256 suarum
1237 1215 1443 1268 vigesima
1479 1216 1619 1266 prima
1664 1215 1870 1265 paranda.

598 1278 685 1322 Sed
732 1279 824 1319 aliis
858 1281 902 1319 in
936 1278 1044 1319 locis
1080 1291 1202 1318 mens
1234 1278 1315 1318 alia
1340 1279 1380 1316 se
1415 1276 1595 1330 prodit:
1634 1288 1733 1316 nam
1765 1277 1870 1328 Tab.

596 1343 812 1384 XXVIII.
851 1343 1000 1385 XXX.
1032 1342 1172 1389 tendo
1210 1340 1415 1394 palmaris
1452 1338 1624 1393 gracilis
1658 1339 1870 1392 ligamen—

596 1415 689 1445 tum
720 1407 849 1458 plane
889 1409 1087 1458 perforat
1117 1413 1186 1443 aut
1214 1403 1481 1453 transfodit3
1517 1414 1644 1456 quem
1685 1403 1871 1444 modum

596 1478 745 1508 tamen
766 1469 892 1508 nimis
912 1467 1160 1507 affeecatum
1181 1464 1513 1519 deprehendere
1542 1465 1647 1505 mihi
1666 1465 1870 1508 hactenus

596 1544 828 1584 numquam
848 1531 983 1572 licuit.
1006 1529 1262 1572 Cohaerere
1284 1529 1745 1571 hunctendinemcum
1758 1543 1868 1584 apo-

596 1596 784 1646 neurosi,
819 1605 862 1634 et
899 1595 1074 1649 quidem
1105 1594 1148 1633 in
1169 1592 1364 1644 confinio
1386 1591 1613 1644 ligamenti
1635 1593 1865 1644 annularis,

595 1671 750 1699 verum
771 1659 826 1700 est
841 1659 934 1709 3sed
954 1671 1044 1698 non
1064 1657 1173 1700 adeo
1197 1656 1429 1710 conspicue
1451 1656 1567 1704 seres
1581 1656 1867 1710 p1·odit:quin

597 1724 747 1776 potius
791 1724 836 1762 in
886 1723 984 1764 duas
1019 1731 1163 1775 partes
1190 1721 1298 1762 mihi
1322 1720 1428 1761 visus
1459 1719 1515 1760 est
1543 1719 1686 1772 dirimi
1716 1735 1729 1771 ·‚
1765 1733 1867 1774 qua-

597 1800 693 1827 rum
721 1800 803 1827 una
836 1787 888 1826 de
924 1787 1171 1839 ligamento
1211 1783 1318 1826 nihil
1366 1784 1601 1837 participat
1638 1811 1649 1834 ,
1686 1783 1757 1824 sed
1799 1785 1866 1824 sub

600 1851 853 1892 membrana
889 1850 1175 1890 musculorum
1211 1848 1437 1890 communi
1470 1847 1718 1901 abscondita
1761 1849 1867 1888 illud

598 1914 856 1967 simpliciter
883 1915 1199 1966 transgreditur
1227 1923 1351 1966 atque
1383 1912 1425 1951 in
1467 1910 1759 1965 aponeurofin
1791 1924 1864 1951 or-

598 1979 813 2018 dinariam
841 1980 1135 2030 terminatur,
1172 1978 1305 2019 altera
1330 1988 1438 2015 vero
1477 1975 1637 2029 partim
1675 1975 1717 2014 in
1755 1974 1863 2027 liga-

596 2052 796 2082 mentum
832 2044 891 2084 ita
925 2042 1214 2095 impiant-atur
1240 2067 1251 2090 ,
1291 2049 1338 2094 ut
1369 2039 1500 2080 fibrae
1521 2039 1768 2079 minutatim
1791 2038 1867 2084 fibi

597 2105 826 2157 intextae,
867 2108 906 2149 se
934 2107 1124 2148 invicem
1159 2101 1374 2146 decuss'ent
1401 2132 1411 2156 ‚
1458 2103 1655 2159 partim(
1678 2102 1791 2157 quod
1820 2112 1864 2140 et

1779 2165 1862 2207 Eu-
