1976 2605
190 157 749 222 CONSTRUCTIONIS
785 156 1142 208 METHODUS
1178 165 1267 214 &a
1310 180 1406 223 209

111 303 205 334 xum
236 289 405 331 areolas
434 289 476 328 in
506 283 650 327 tabula
691 283 933 337 proiec‘tas,
975 283 1154 325 exhibet
1190 285 1403 338 lampadis

107 358 208 405 lux,
250 353 457 395 foramini
478 351 569 392 tubi
593 347 861 403 polyedrum
885 348 1157 389 continentis
1178 350 1404 404 praepoli—

108 430 180 471 ta,
223 419 305 459 effe
338 418 486 472 primo
519 417 565 457 in
598 413 739 453 tabula
773 412 882 465 stylo
906 413 1316 454 circumscribendas
1340 425 1404 455 at-

110 497 190 539 que
219 481 442 536 signandas
470 475 816 525 accuratiffime,
867 476 1026 516 deinde
1057 477 1327 530 colligendas
1361 488 1405 519 et

112 546 448 600 componendas
472 545 513 585 in
534 543 683 585 charta
705 540 867 593 aliqua,
910 551 958 580 vt
991 549 1090 580 tota
1117 540 1253 592 figura
1276 555 1402 582 arco-

106 612 272 663 larum‚
312 611 377 651 seu
414 619 563 650 totum
602 605 816 660 systema,
867 603 978 644 sistat
1019 605 1125 644 vitri
1155 605 1405 657 polycdrici

116 676 461 717 delineationem
486 682 614 727 atque
645 670 888 723 imaginem
919 669 962 709 in
995 667 1144 710 charta
1172 669 1300 724 plana
1329 682 1403 712 ex—

118 739 316 794 press‘am.

241 799 276 846 §.
320 808 394 844 26.
467 801 551 845 Sed
583 799 846 855 impoffibile
879 808 1006 855 atque
1054 800 1182 840 inane
1221 798 1309 840 hoc
1349 802 1407 842 cst

116 877 427 922 praeceptum,
471 877 513 907 ct
541 878 724 908 conatus
750 867 880 920 plane
910 866 1065 906 irritus.
1141 865 1255 906 Situs
1288 866 1404 906 enim

115 932 290 972 decliuis
311 932 595 984 planitierum
618 932 723 972 vitri
744 931 872 972 aliam
894 931 1037 984 pingit
1060 929 1258 983 figur-arn,
1276 941 1407 981 quam

114 996 360 1037 exhibitura
389 996 524 1036 essent
557 996 709 1049 plana,
749 994 778 1036 si
816 1006 1093 1047 ponerentur
1117 992 1315 1046 planitiei
1341 1004 1406 1034 ta-

114 1060 237 1100 bulae
266 1057 497 1112 paranda,
539 1059 583 1099 id
604 1059 722 1112 quod
756 1059 1087 1110 contemplatio
1113 1057 1407 1099 Geometrica

112 1135 156 1164 et
174 1124 333 1176 Optica
356 1122 479 1162 facile
501 1123 677 1162 docebit
693 1148 704 1170 ,
744 1122 1025 1174 experientia
1054 1119 1365 1162 confirmante.

242 1182 279 1229 9.
324 1198 398 1236 27.
471 1180 723 1229 Commisso
745 1187 834 1227 iam
857 1197 949 1226 vno
975 1198 1152 1235 errore,
1193 1183 1289 1224 fieri
1314 1196 1406 1226 non

115 1250 280 1303 potest,
326 1251 426 1302 quin
456 1250 601 1302 plures
634 1250 876 1302 sequantur.
954 1250 1081 1290 Iubet
1115 1249 1305 1300 proinde
1336 1260 1404 1289 er·

115 1324 253 1353 rone-a
284 1311 390 1350 haec
425 1313 684 1361 methodus,
725 1312 937 1364 imagines
976 1323 1047 1353 aut
1085 1311 1218 1353 verba
1255 1311 1404 1353 defor-

117 1376 273 1418 manda
289 1402 300 1422 ,
341 1373 504 1427 figurae
529 1375 624 1415 huic
646 1376 688 1414 in
711 1374 862 1415 charta
884 1375 1166 1427 consignatae
1198 1375 1404 1416 inscribe-

117 1453 162 1481 re
191 1466 202 1488 ,
247 1438 403 1478 deinde
433 1437 632 1477 chartam
665 1438 870 1477 dissecare
901 1438 953 1476 ad
984 1439 1156 1479 ductum
1187 1438 1402 1480 linearum

121 1502 289 1544 areolas
320 1499 798 1550 circumscribentium,
841 1508 886 1540 et
918 1502 1097 1542 tandem
1129 1501 1299 1542 frustula
1330 1503 1404 1544 illa

119 1566 317 1609 dissectae
337 1564 500 1618 figurae
518 1564 704 1607 aereolis
722 1566 764 1606 in
786 1563 930 1605 tabula
956 1568 1118 1607 notatis
1146 1567 1400 1620 imponere,

121 1642 165 1672 et
184 1631 476 1684 agglutinare,
515 1640 619 1672 tunc
647 1642 743 1671 rem
763 1628 848 1669 effe
865 1630 1138 1681 confectam,
1180 1642 1225 1672 et
1247 1632 1403 1684 imagi-

125 1707 223 1736 nem
245 1695 312 1735 seu
329 1695 478 1736 literas
498 1693 771 1736 deformatas
790 1693 1030 1745 restituam,
1054 1706 1101 1735 vt
1125 1695 1404 1748 compositae

125 1758 368 1812 prodeant,
406 1770 448 1800 et
466 1759 664 1813 integrae
691 1758 746 1801 ad
770 1757 1058 1800 desideratam
1078 1758 1404 1812 Anamorpho-

123 1823 183 1864 sin
222 1822 561 1876 producendam.

256 1882 291 1930 §.
333 1891 404 1927 28.
471 1888 621 1931 Facilis
648 1898 691 1930 et
721 1888 904 1930 incunda
938 1889 1032 1930 imo
1061 1897 1104 1929 et
1133 1888 1276 1930 breuis
1294 1887 1404 1929 haec

127 1951 231 1992 esset
249 1952 342 2000 via,
381 1953 423 1992 in
445 1966 490 1995 re
512 1963 603 1994 tam
626 1954 832 1994 intricata
863 1953 1027 1995 difficili
1057 1963 1186 2006 atque
1215 1953 1316 1993 alias
1342 1952 1403 1993 la-

127 2014 406 2056 boriofiffima
426 2019 477 2059 ad
500 2027 705 2071 optatum
730 2016 865 2057 finem
893 2018 1208 2064 obtinendum,
1251 2017 1278 2057 fi
1303 2029 1401 2056 mo-

127 2082 186 2121 do
207 2091 384 2123 euentus
405 2081 663 2124 desideratus
694 2082 983 2136 responderet
1012 2081 1153 2122 labori
1182 2080 1279 2122 huic
1311 2093 1403 2124 non

128 2146 241 2186 adeo
266 2156 428 2197 magno
451 2156 494 2189 et
515 2147 716 2189 iucundo.

194 2205 306 2251 Tom.
330 2207 415 2251 IV.
733 2210 807 2252 Dd
1250 2205 1285 2253 §.
1330 2224 1402 2260 29.
