1976 2605
485 188 772 237 VENERIS
807 189 1082 238 CNIDIAE
1354 207 1447 256 263

166 316 258 358 illas
288 311 479 354 edidisse.
550 310 708 354 Sentio
753 311 1050 353 necessitatem
1099 312 1208 354 mihi
1249 313 1444 368 imponi,

162 391 233 428 vt,
272 379 391 432 quod
420 377 546 427 dixi,
587 387 745 416 contra
775 375 1045 417 summorum
1079 378 1279 420 virorum
1301 381 1451 422 aucto-

158 444 338 484 ritatem
379 442 586 482 muniam.
655 440 907 481 Plutarchus
929 442 980 480 ad
1003 440 1170 493 Sosiam
1229 444 1346 484 suum
1403 445 1451 486 in

160 509 249 548 vita
268 505 597 554 Demosthenis,
626 503 792 547 Gellius
822 505 932 544 item
955 515 998 544 et
1018 504 1223 546 Libanius
1248 518 1445 560 narrant,

159 571 452 614 Callistratum
483 579 713 610 oratorem
746 580 843 607 cum
865 566 1088 621 Oropiam
1123 570 1305 610 causs‘am
1333 573 1450 613 astu.

157 649 226 677 rus
256 636 567 685 esset,tantam
591 632 701 674 illius
723 632 870 673 iudicii
893 631 1276 687 exspectationem
1303 634 1444 675 Athe-

160 702 220 740 nis
252 699 486 740 concitasse
518 708 707 752 propter
734 707 779 738 ct
804 697 1002 738 testatam
1041 695 1326 751 eloquentiae
1348 699 1447 752 glo·

157 765 266 803 riam
289 774 332 803 et
364 755 566 804 illustrem
597 764 639 802 in
661 774 710 803 re
731 761 900 815 publica
928 761 1263 813 auctoritatem,
1298 772 1347 802 vt
1385 763 1446 803 ci-

157 838 228 867 ues
259 840 443 879 omnes,
483 827 551 867 die
574 827 685 868 dicia
718 853 730 876 ,
774 826 978 867 maximis
1007 826 1150 867 studiis
1183 827 1234 866 ad
1267 826 1445 867 audien·

160 891 258 930 dum
290 903 386 930 eum
417 901 738 932 concurrerent
776 905 785 931 ε
822 890 984 931 eodem
1026 891 1314 943 paedagogos
1349 889 1446 930 De-

155 954 430 994 mosthenem
476 966 660 1008 puerum
699 953 945 1003 adduxisse,
980 955 1053 1006 qui
1087 980 1100 1002 ,
1140 965 1240 992 cum
1290 963 1445 994 tantos

153 1018 368 1057 clamores
397 1019 486 1056 eius
530 1019 572 1055 in
606 1017 815 1055 oratione
853 1017 1064 1065 excitari,
1101 1016 1224 1056 illum
1284 1017 1444 1070 populi

154 1079 411 1120 consensum
445 1080 485 1119 in
507 1079 711 1119 ornando
781 1078 1133 1130 deducendopue
1188 1078 1442 1120 Callistrato

150 1154 389 1190 cernei-et,
432 1152 617 1194 repente
648 1141 798 1180 animo
844 1139 896 1178 ad
946 1142 1036 1180 eius
1089 1139 1441 1182 aemulationem

149 1204 282 1244 laudis
317 1206 538 1245 exarserit.
609 1205 914 1247 Communem
940 1203 1104 1245 habent
1135 1205 1361 1244 auctorem
1395 1215 1441 1246 et

149 1268 399 1308 Plutarchus
422 1280 465 1308 et
489 1271 543 1310 A.
567 1267 752 1317 Gellius,
793 1269 1108 1321 Hermippum.
1175 1267 1327 1308 Exstat
1342 1267 1438 1308 Plu-

154 1330 292 1371 tarchi
326 1331 505 1370 nomine
540 1332 676 1372 altera
713 1330 1030 1372 Demosthenis
1070 1333 1184 1380 vita,
1225 1344 1352 1385 quam
1386 1331 1438 1372 ab

156 1395 244 1434 alio
259 1406 531 1448 quocumque
553 1395 795 1448 profestum
818 1394 1081 1436 crediderim
1101 1396 1264 1448 magis,
1307 1408 1436 1449 quam

156 1471 176 1498 a
198 1457 440 1499 Plutarcho.
479 1459 675 1499 Oleariiis
702 1457 938 1498 Plutarcho
958 1459 1191 1512 relinquit,
1230 1459 1299 1498 sed
1324 1459 1434 1499 ado-

156 1522 345 1562 lescenti.
409 1522 488 1578 Qui
521 1532 665 1562 autem
702 1520 938 1562 Plutarcho
970 1522 1119 1574 postea
1151 1522 1431 1573 exciderunt,

154 1599 258 1639 quae
283 1585 501 1639 scripserat
523 1585 773 1626 adolescens
793 1612 804 1634 ,
845 1597 943 1624 cum
977 1587 1238 1640 praesertim
1286 1586 1432 1627 incre-

158 1650 293 1690 dibilis
320 1663 460 1690 rerum
496 1650 714 1691 memoria
742 1650 784 1689 in
814 1661 872 1690 eo
903 1648 981 1690 fuit
1012 1651 1149 1691 etiam
1179 1650 1277 1690 sene
1302 1646 1321 1688 ζ
1358 1650 1430 1702 qui

156 1713 217 1754 illi
245 1715 352 1754 adeo
381 1714 582 1767 Hegesiae
630 1713 840 1766 Magiiesii
870 1715 913 1752 in
941 1724 1138 1753 mentem
1171 1726 1261 1753 non
1286 1715 1427 1763 venit,

156 1790 251 1816 cum
277 1777 435 1831 plenius
459 1779 607 1823 omnia
638 1790 680 1818 et
711 1777 930 1830 copiosius
969 1779 1142 1817 tradere
1180 1777 1426 1828 videretur,

154 1854 279 1894 quam
300 1843 575 1896 Hermippus,
631 1843 809 1895 Nempe
828 1840 1009 1894 Hegesia
1029 1843 1207 1882 auctore
1226 1840 1426 1881 alterille

158 1905 207 1944 de
228 1905 532 1948 Demosthenis
553 1909 642 1948 vita
663 1936 674 1957 ,
712 1908 896 1961 quisquis
919 1907 952 1945 is
979 1905 1036 1945 cst
1059 1933 1071 1955 ,
1112 1905 1229 1958 quod
1258 1904 1423 1945 Plutar-

155 1969 283 2009 chum
330 1966 454 2024 fugit,
491 1983 844 2021 commemorat,
884 1969 1179 2013 Callistratum
1228 1968 1423 2022 Empedi

154 2032 269 2074 {insse
314 2034 443 2076 filium
483 2064 495 2087 ,
536 2036 820 2089 Aphidneum
863 2062 874 2084 ,
915 2036 1108 2087 equitum
1167 2033 1422 2086 magisterio

155 2095 339 2139 siinc'tiim
365 2128 375 2149 ,
416 2111 532 2141 tanta
562 2101 843 2154 eloquentiae
865 2099 989 2139 laude
1010 2127 1021 2148 ,
1058 2109 1107 2138 vt
1127 2109 1223 2137 eum
1244 2096 1422 2138 Demo.

153 2160 318 2203 sthenes
337 2165 459 2207 vnice
481 2164 728 2218 sectaretur,
751 2166 893 2208 donec
914 2163 1019 2205 vrbe
1045 2161 1184 2219 pulsus
1200 2159 1420 2206 Callistra-

1349 2232 1417 2264 tus
