1976 2605
553 166 1024 220 MUSCULORUM.
1326 196 1420 236 239

144 300 287 354 carpi3
307 306 486 339 eatenus
508 306 532 337 a
551 304 675 350 parte
696 293 925 336 anteriore
943 295 1086 337 versus
1107 295 1425 352 posteriorem,

144 376 188 409 et
213 363 387 406 vicissim
411 362 626 414 dirigitur.
696 361 789 418 Qua
818 360 862 400 in
884 373 930 401 re
952 359 1063 402 hanc
1084 362 1421 405 concedendam

145 429 347 472 iustitiam
383 425 466 467 effe
504 423 680 465 Vesalio
719 425 937 473 arbitror,
986 427 1102 466 cuius
1130 425 1174 466 in
1202 425 1427 470 hocloco

145 493 374 547 diligentia
405 490 599 532 omniurn
639 487 718 529 suit
745 486 1090 537 accuratissima,
1148 500 1195 529 vt
1237 493 1429 542 primum

143 558 265 600 illum
295 557 412 598 suiffe
440 553 678 603 ficemur,
717 552 790 607 qui
817 551 929 594 hanc
956 551 1223 593 sententiam
1243 554 1321 605 (d)
1347 556 1426 596 sta·

145 622 354 665 biliuerit-

275 683 311 730 §.
349 699 394 737 9.
463 682 681 726 Musculus
709 684 798 738 agit
828 685 901 727 vel
931 680 1082 725 directe
1103 709 1116 735 ‚
1165 683 1235 725 vel
1262 683 1426 739 bfiexe,

143 750 217 795 vel
263 749 430 805 oblique.
533 750 774 792 Aetionem
820 747 1015 791 direHam
1057 761 1209 800 voco,
1265 748 1293 791 si
1330 761 1431 792 cum

143 816 348 856 membro
373 814 601 856 mouendo
625 816 666 856 in
688 812 883 856 directum
903 815 1041 865 iacet,
1086 825 1129 855 et
1154 815 1255 856 dum
1286 826 1432 855 mem·

143 879 267 921 brum
290 881 341 921 ad
363 878 402 921 se
427 879 591 930 trahit,
635 879 742 921 haec
763 879 878 920 linea
900 880 1154 922 direstionis
1175 891 1272 919 cum
1295 877 1428 930 linea,

141 957 248 999 quae
271 954 421 986 centra
443 945 754 998 magnitudinis
776 943 872 986 offis
894 957 938 986 et
963 945 1099 985 totius
1131 943 1314 984 musculi
1334 945 1430 984 iun·

143 1010 232 1062 git,
273 1011 317 1050 in
337 1008 508 1049 eiusdem
538 1009 657 1061 plani
682 1009 871 1049 sectione
895 1017 1154 1063 permanen
1191 1008 1308 1048 cuius
1339 1006 1429 1050 Ga·

143 1073 397 1114 strocnemii
420 1085 516 1113 cum
544 1071 670 1112 sociis
686 1069 925 1126 Exemplum
963 1070 1190 1112 exhibent.
1267 1068 1432 1125 Inflexa

145 1136 202 1177 est
231 1138 369 1185 actio,
401 1135 430 1175 fi
457 1134 624 1175 tendinis
651 1141 877 1176 extremum
906 1145 1077 1176 tantum
1100 1146 1200 1176 cum
1224 1133 1431 1176 membro

142 1201 369 1241 mouendo
392 1201 433 1240 in
453 1199 664 1241 dii-cetum
685 1200 821 1253 iacet3
837 1199 1073 1256 nequeillae
1095 1200 1202 1240 duae
1219 1198 1363 1240 lineae
1385 1199 1431 1240 in

141 1263 309 1304 eiusdem
327 1264 445 1316 plani
464 1264 654 1305 sectione
675 1275 958 1318 permanent:
977 1276 1084 1318 quae
1104 1263 1178 1312 est,
1204 1261 1232 1303 si
1253 1262 1432 1304 musculi

148 1327 286 1366 tendo
313 1326 505 1366 deflectit
526 1339 548 1367 a
573 1328 713 1379 prima
736 1326 990 1369 direc’tionis
1010 1328 1096 1377 via,
1122 1339 1210 1380 ope
1233 1325 1430 1368 trochle-

150 1402 214 1441 ae,
238 1402 361 1444 quam
385 1392 656 1432 transcurrit.
693 1391 814 1431 Hanc
834 1387 1023 1444 speciem
1041 1389 1223 1433 Borellus
1243 1394 1298 1442 (e)
1309 1390 1430 1434 fusius

150 1456 353 1508 explicat.
419 1450 636 1508 Obliquum
657 1453 876 1494 actionem
900 1454 1025 1504 dico,
1049 1453 1077 1493 si
1100 1454 1308 1496 musculus
1331 1465 1431 1497 cum

151 1518 351 1560 membro
375 1517 600 1558 mouendo
632 1515 759 1570 plane
781 1529 854 1557 non
882 1518 927 1560 in
956 1514 1149 1561 direffum
1172 1520 1312 1569 iacet,
1358 1518 1429 1562 sed

151 1584 193 1623 in
231 1583 431 1626 contactu
465 1580 668 1635 angulum
711 1581 934 1636 obliquum
974 1581 1114 1634 facit,·
1143 1592 1272 1637 atque
1301 1583 1427 1625 illum

151 1648 322 1700 quidem
361 1645 665 1696 constantem,
713 1656 760 1687 vt
802 1646 1009 1688 musculus
1049 1647 1158 1688 radii
1197 1648 1425 1694 rotundus,

150 1711 225 1752 His
254 1710 506 1766 praemiffis‚
544 1722 652 1768 quae
681 1709 937 1766 sequuntur,
975 1711 1206 1752 occasione
1237 1713 1333 1753 data
1362 1711 1427 1753 su·-

154 1776 456 1831 perstrnemus.

280 1837 314 1884 §.
359 1853 432 1883 10.
497 1841 548 1884 In
593 1842 843 1884 Extenfore
898 1842 1140 1895 digitorum
1195 1843 1428 1883 communi

154 1904 387 1946 nonnullae
433 1905 821 1960 deprehenduntur
867 1907 1142 1948 differentiae
1189 1907 1239 1947 ab
1278 1908 1426 1948 Auto-

153 1967 265 2009 ribns
293 1970 409 2012 varie
438 1969 534 2012 hinc
565 1972 665 2011 inde
696 1971 959 2024 descriptae:
1000 1974 1092 2012 sunt
1115 1981 1266 2012 tamen
1288 1971 1428 2026 aliqua

154 2044 306 2074 notatu
339 2036 486 2088 digna,
525 2048 631 2090 quae
659 2045 729 2076 aut
761 2036 914 2076 nostris
938 2035 1214 2087 temporibus
1236 2033 1425 2077 obliuio-

151 2099 194 2138 ni
222 2097 348 2150 plane
372 2100 528 2140 tradita
549 2100 717 2151 iacent,
769 2111 840 2140 aut
866 2112 887 2140 a
911 2098 1167 2153 paucissimis
1204 2100 1426 2142 subobscu-

1383 2177 1428 2206 rc

192 2245 242 2285 (d)
266 2247 284 2276 l.
297 2256 322 2279 r,
366 2246 414 2287 (e)
442 2249 485 2279 De
500 2257 579 2278 motu
598 2248 975 2289 animal.P.1.prop.76.
1157 2238 1164 2242 ⁸
