1976 2605
150 185 432 234 METALL.
453 179 668 247 ATQUE
694 177 953 229 vmzon.
976 177 1287 230 MOMENT.
1333 205 1428 246 2³2

157 323 210 362 15
233 336 245 360 ‚
288 313 373 358 16,
414 307 455 349 id
475 305 592 361 quod
615 315 746 346 tonus
764 302 953 358 grauior‘
976 304 1216 358 indicabat3
1253 319 1436 349 contra-

148 374 238 417 ‹stio
258 375 375 416 enim
397 370 675 414 instrumenti
692 370 881 412 chordas
898 369 1089 412 remittit
1119 370 1239 412 vnde
1260 375 1439 428 grauius

146 437 317 480 sonant.

281 563 317 610 §
363 579 436 622 54.
505 559 764 620 Quodvero
785 560 1051 602 chordarum
1073 567 1205 601 tonus
1231 561 1275 601 in
1295 563 1431 619 frigo-

149 643 194 670 re
234 632 401 672 detenti
441 628 716 668 instrumenti
745 626 926 680 grauior
956 618 1087 666 fiebat
1117 636 1270 677 exper.
1296 640 1343 677 1,
1382 649 1430 686 4,

150 708 203 735 cx
233 708 287 737 co
315 694 392 744 est,
430 693 525 747 quia
554 691 891 732 instrumentum
929 688 1119 730 ferreum
1149 690 1432 733 contrahitur

147 772 225 811 per
272 758 434 809 frigus·,
478 755 746 797 chordarum
784 767 899 800 vero
938 754 1114 795 iamiam
1153 762 1432 797 intentatum

144 823 392 864 contractio
435 821 484 861 ab
523 820 771 861 intensione
811 819 1069 874 impeditur.
1138 817 1432 862 Contrarium

143 889 288 928 euenit
309 885 510 940 reposito
530 885 822 927 instrumento
848 885 893 926 in
922 882 1098 934 calore,
1141 884 1429 939 experimen-

142 959 235 991 tum
277 965 324 1003 2?
362 972 406 1009 4.

272 1074 307 1121 §.
353 1090 428 1130 55.
494 1078 596 1119 Hoc
636 1076 842 1118 vltimum
892 1075 1229 1115 instrumentum
1276 1074 1429 1117 docuit

132 1143 259 1196 quod
280 1143 451 1196 priores
469 1141 700 1181 machinae
719 1149 763 1179 et
786 1149 978 1193 propter
998 1137 1225 1180 fric'tiones
1249 1148 1292 1180 et
1319 1151 1428 1193 pro·

143 1218 244 1259 pter
269 1207 561 1259 exiguitatem
585 1205 860 1246 dilatationis
881 1215 924 1244 et
943 1204 1287 1253 contractionis,
1323 1202 1429 1245 visui

144 1269 567 1322 imperceptibilem,
585 1268 724 1311 sensus
743 1269 907 1321 partim
928 1267 1357 1319 eluserint,·partim‚
1382 1277 1431 1309 vt

145 1332 188 1370 in
217 1333 348 1372 tertia
375 1330 596 1382 machina,
632 1340 868 1384 vtmequae
897 1341 1043 1383 partes
1076 1343 1120 1370 et
1140 1343 1323 1383 cupreus
1349 1344 1425 1372 an·

149 1396 291 1445 nulus,
319 1406 362 1436 ct
390 1407 542 1436 catena
568 1395 707 1437 ferrea
731 1407 814 1435 vna
842 1396 1139 1435 mutationem
1159 1396 1426 1449 susceperint

147 1459 330 1514 ideoque
357 1459 547 1499 indicem
578 1469 670 1499 non
698 1458 940 1498 mouerint.
1142 1448 1150 1453 '

273 1584 308 1631 §.
355 1591 430 1639 56.
499 1585 639 1629 Sonus
676 1595 821 1628 autem
851 1587 897 1627 in
934 1595 1093 1640 quarto
1129 1584 1424 1631 instrumento

146 1651 280 1693 solum
302 1652 510 1693 sufficiens
527 1650 656 1693 fuerit
679 1651 978 1693 mutationem
1000 1650 1242 1701 indicandi,
1269 1653 1420 1693 litem-

148 1729 227 1769 que
251 1717 506 1765 dirimendi,
544 1726 588 1757 et
609 1728 758 1756 certos
779 1727 861 1756 nos
883 1715 1111 1764 reddendi,
1131 1714 1249 1767 quod
1273 1717 1421 1756 omni·

149 1793 210 1819 no
238 1791 279 1821 ct
306 1779 509 1822 dilatatio
536 1791 579 1822 ct
605 1782 854 1822 contractio
883 1786 1146 1820 momentanea
1164 1777 1239 1818 fiat
1260 1779 1302 1818 in
1328 1792 1420 1820 me·

154 1843 264 1884 taliis
290 1856 421 1898 aeque
446 1857 490 1885 ac
520 1846 667 1895 vitris,
711 1857 753 1886 ct
775 1845 893 1899 quod
912 1846 1035 1885 saltus
1056 1844 1238 1897 liquoris
1257 1843 1298 1882 in
1323 1844 1419 1897 phi-

152 1908 232 1948 olis
263 1910 409 1950 vitreis
432 1918 477 1951 et
506 1910 734 1953 metallicis
762 1911 813 1952 ab
840 1909 923 1952 illis
952 1908 1266 1951 mutationibus
1292 1919 1419 1951 certo

152 1972 408 2025 dependeat.

215 2225 326 2270 Tou.
365 2226 450 2270 IV.
759 2228 798 2273 G
812 2242 839 2283 g
1055 2194 1057 2196 ‘
1335 2228 1418 2270 DE
