1976 2605
190 178 471 231 METALL.
489 174 709 241 ΑΤρυΕ
740 173 995 225 V1TROR.
1023 175 1333 226 MOMENT.
1376 200 1471 241 229

186 306 318 348 finctae
357 301 616 344 mutationis
653 299 904 353 cogitandi,
943 300 1298 357 quandoquidem
1336 300 1476 346 firmis

186 368 506 424 experimentis
539 366 836 406 destituantur.

313 428 349 476 §.
390 444 472 484 47.
541 430 653 472 Hinc
688 429 740 469 de
771 430 848 470 tali
872 429 1075 471 machina
1103 429 1212 471 mihi
1234 439 1327 472 erat
1348 433 1473 486 cogi-

182 496 365 540 tandum
403 505 510 550 quae
548 503 592 534 et
631 491 935 545 slmpliciffima
974 504 1156 533 omnem
1196 497 1471 538 contrac'tio·

182 573 285 604 nem
316 567 594 606 remoueret,
636 567 680 596 et
710 555 867 598 effeetu
894 555 989 610 ipso
1018 568 1115 598 rem
1138 556 1250 596 adeo
1272 559 1471 602 subtilem

185 638 314 679 atque
344 624 479 666 sensus
503 621 892 675 subterfugientem
919 620 1035 663 clare
1063 632 1111 662 ac
1138 619 1333 663 distinete
1363 636 1469 676 pro-

183 691 321 733 deret.

309 749 345 796 §.
387 755 466 810 48.
521 751 592 794 Ad
616 749 842 792 acusticam
865 749 1010 805 itaque
1040 749 1358 791 meditationes
1378 762 1471 791 me-

180 829 224 858 as
243 816 384 858 direxi
408 815 650 870 periculum
676 815 881 866 facturus,
922 825 1071 856 vtrum
1094 828 1151 856 ex
1170 815 1281 855 sono
1309 815 1473 869 aliquid

180 882 440 922 mutationis
466 891 811 921 momentaneae
844 880 1012 935 percipi
1050 878 1178 933 possit
1215 879 1257 920 in
1293 879 1472 920 chordis

178 945 423 986 metallicis.
463 945 759 986 Instrumenta
780 946 954 999 quidem
974 943 1130 986 muslca
1150 957 1184 985 e.
1199 955 1241 995 g.
1257 942 1470 985 clauicor-

179 1010 248 1050 dia
271 1019 484 1049 mutatum
506 1020 663 1049 tonum
687 1010 881 1062 produnt
897 1034 909 1056 ,
949 1009 1125 1060 quando
1149 1019 1223 1048 aer
1251 1018 1473 1059 mutatur,

177 1073 248 1114 sed
270 1073 455 1127 suspecta
482 1072 589 1113 mihi
611 1082 735 1112 erant
753 1073 850 1125 quia
874 1071 1042 1123 lignea,
1078 1081 1187 1112 nota
1205 1081 1318 1111 vero
1348 1071 1405 1111 est
1426 1081 1471 1112 et

176 1139 428 1178 contractio
447 1147 492 1176 et
515 1136 720 1175 dilatatio
750 1134 989 1188 lignorum.

307 1196 342 1244 §.
385 1214 464 1257 49.
530 1200 586 1242 Et
611 1198 662 1240 fic
681 1209 878 1254 quartam
901 1197 1150 1240 machinam
1181 1197 1394 1238 adornaui
1420 1207 1466 1240 et

179 1261 532 1314 simplicissimam
556 1273 599 1302 et
619 1265 858 1316 optimam,
883 1262 1236 1316 quandoquidem
1257 1263 1464 1316 expecta-

179 1325 298 1364 tioni
326 1338 450 1364 meae
478 1328 651 1379 egregie
679 1325 987 1377 respondebat.

312 1383 347 1430 ὁ.
391 1400 466 1439 ςο.
536 1389 603 1430 Ex
630 1388 750 1429 ferro
772 1387 944 1429 confeci
967 1389 1135 1430 trabem
1160 1402 1185 1430 2
1210 1384 1462 1443 pedes'lon-

181 1462 281 1504 gum
296 1451 371 1505 Fig
407 1464 477 1504 5.‚
499 1451 634 1490 latum
654 1462 698 1491 et
717 1451 897 1491 craffum
923 1464 940 1490 x
968 1452 1052 1502 dig.
1076 1454 1314 1492 recuruatis
1330 1455 1462 1494 vtris-

180 1527 261 1569 que
283 1517 492 1557 extremis
513 1515 563 1554 ad
588 1529 611 1565 3
640 1514 828 1567 digitos,
870 1526 1005 1568 euque
1026 1527 1224 1568 corpore
1244 1515 1312 1556 seu
1330 1517 1460 1570 scapo

179 1579 334 1620 latiora
360 1578 440 1620 feci
459 1590 506 1620 vt
529 1591 552 1618 2
577 1579 663 1632 dig.
684 1588 949 1633 aequarent,
998 1590 1042 1621 et
1063 1592 1162 1620 cum
1190 1582 1322 1635 Icapo
1354 1581 1462 1624 duos

179 1645 359 1697 angulos
378 1645 518 1686 rectos
535 1643 742 1685 facerent.

305 1708 373 1749 Ab
405 1721 497 1749 vno
526 1707 734 1749 extremo
767 1719 938 1750 annexa
973 1708 1059 1748 duo
1096 1706 1167 1748 fila
1207 1707 1457 1749 orichalcea

179 1770 469 1814 tendebantur
486 1784 615 1827 vsque
631 1774 682 1814 ad
703 1772 918 1822 alterum,
959 1773 1031 1814 vbi
1059 1783 1149 1824 ope
1172 1772 1350 1812 duarum
1377 1784 1454 1812 co-

179 1835 398 1876 chiearum
421 1847 463 1878 et
482 1837 633 1878 adduci
659 1847 704 1879 et
733 1837 906 1878 remitti
936 1846 1162 1891 poterant.
1232 1837 1352 1893 Quae
1380 1836 1454 1877 de-

179 1900 278 1940 inde
300 1900 352 1941 ad
372 1903 685 1943 monotonium
715 1901 912 1943 extendi.

308 1959 343 2007 §.
388 1977 408 2016 5
424 1980 461 2006 r.
515 1968 719 2008 Aiterum
739 1967 876 2006 adhuc
898 1965 982 2006 tale
1005 1964 1338 2006 instrumentum
1362 1964 1451 2017 pri-

182 2028 247 2066 ori
279 2029 403 2080 plane
431 2029 563 2072 simile
593 2030 674 2070 feci
695 2056 706 2077 ‚
768 2041 812 2069 et
840 2030 893 2070 ad
926 2030 1244 2069 monotonium
1272 2028 1450 2069 chordis

180 2093 398 2143 prioribus
425 2095 465 2134 in
494 2094 783 2136 instrumento
817 2095 1022 2134 comonis
1053 2105 1185 2146 neque
1216 2093 1447 2146 perductis,

175 2166 309 2198 vnum
330 2157 658 2201 instrumentum
677 2159 729 2201 ad
750 2158 977 2200 forn-‚icem
1006 2160 1050 2200 in
1073 2157 1348 2213 hypocausto
1377 2168 1448 2258 {a-

761 2223 823 2265 Ff
853 2236 878 2276 3
1398 2231 1442 2258 e·

1507 1442 1579 1482 1¹13.
1607 1448 1638 1481 ς.
