1976 2605
619 190 719 238 304
1132 169 1220 218 DE
1257 169 1536 219 VARAGIS

613 306 775 350 gnyrus
801 290 940 335 Iudex
996 289 1040 330 in
1068 290 1263 332 comitiis
1292 289 1591 345 Vpsalenfibus
1629 290 1680 330 ad
1725 290 1884 333 Olaum

615 370 791 410 regem,
819 355 937 397 Erici
963 355 1075 407 regis
1115 353 1276 405 filium,
1306 355 1417 408 apud
1438 354 1713 397 Snorronem
1734 358 1802 406 (ς)
1830 356 1891 396 (1ο

613 422 746 463 Erico
775 418 964 461 Emundi
984 417 1078 459 filio
1098 431 1228 472 rege,
1270 418 1367 460 Oiai
1396 430 1587 472 proauo:
1624 418 1728 472 quod
1751 421 1790 458 in
1814 419 1882 459 vi-

604 494 707 538 gore
742 483 890 523 aetatis
915 483 1171 536 constitutus,
1194 481 1442 524 militaribus
1486 481 1794 535 expeditionibus
1829 487 1889 523 vt*

604 544 824 602 plurimum
856 548 1034 587 intentus
1056 542 1194 599 suerit
1216 574 1228 598 ‚
1268 559 1314 588 ac
1349 545 1561 601 quotannis
1583 553 1754 600 peregre
1783 553 1884 599 pro·

601 607 753 665 seffits,
782 608 979 650 Finnland
993 637 1003 660 ‚
1035 607 1288 662 Kym‘alaffl,
1320 608 1518 666 Eystland
1537 616 1576 650 et
1592 608 1785 650 Kurland
1804 610 1884 660 (oc

610 673 721 725 vyda
739 688 802 717 um
819 674 956 728 austur
974 671 1126 726 laund)
1161 682 1201 716 et
1211 683 1338 729 porro
1350 683 1425 728 per
1441 671 1752 728 Ostrogardiam
1780 675 1795 722 (
1813 672 1884 713 seu

612 736 798 780 Rumam
823 763 834 786 ‚
864 736 934 778 vel
959 738 1104 789 potius
1130 738 1388 781 Esthoniam
1411 739 1703 787 interiorem)
1721 732 1884 790 insuam

604 801 839 856 potestatem
872 799 1097 853 redegerit:
1152 803 1261 843 cuius
1295 802 1472 843 virtutis
1507 799 1732 854 praeclara
1757 797 1885 840 adhuc

598 860 800 917 supetstnt
825 871 1066 905 monumenta
1093 891 1105 915 ,
1134 864 1294 920 castella
1328 865 1542 918 regiaeque
1592 875 1712 905 arces
1743 861 1886 904 eximii

609 927 756 980 operis.
823 927 890 967 Ita
916 924 1205 979 Thorgnyrus
1234 929 1284 965 ab
1312 939 1395 965 auo
1423 928 1495 965 suo
1523 926 1597 965 fibi
1626 927 1791 967 narrari
1810 938 1883 966 re-

613 990 890 1031 cordabatur.
962 988 1055 1029 Iam
1096 1001 1195 1030 cum
1241 988 1476 1041 scriptores
1518 988 1632 1030 Ruffi
1670 990 1881 1030 testantur

611 1052 663 1090 ad
683 1054 737 1091 A.
777 1052 828 1092 C.
868 1056 979 1099 859.
1015 1048 1173 1091 Czudos
1211 1052 1313 1098 (seu
1345 1052 1565 1092 Esthonos
1609 1062 1652 1091 et
1672 1053 1883 1103 Fennos)

609 1110 806 1155 Slauonos
852 1119 893 1153 et
927 1109 1151 1153 Krz‘uztczos
1201 1110 1386 1165 Varagis
1429 1111 1594 1152 tributa
1614 1108 1775 1167 soluisse
1798 1121 1883 1167 pro

616 1174 790 1231 quolibet
812 1175 907 1215 viro
939 1183 988 1229 po
1043 1174 1157 1216 bieloi
1180 1175 1420 1228 vieveriqm
1459 1178 1543 1223 (6)
1576 1174 1663 1215 hoc
1691 1189 1747 1217 eo
1779 1187 1881 1228 per-

613 1241 742 1279 tinet.
807 1238 1043 1280 Obscurum
1068 1239 1300 1290 plerisque,
1328 1238 1446 1293 quod
1479 1248 1613 1289 genus
1640 1239 1790 1277 tributi
1817 1237 1881 1278 fu-

612 1304 711 1343 erit.
776 1302 945 1343 Docuit
991 1311 1137 1342 autem
1183 1314 1255 1341 me
1285 1313 1463 1354 magnus
1501 1301 1598 1351 vir,
1629 1301 1746 1354 quod
1773 1302 1881 1344 esset

611 1366 903 1407 verissimum.
989 1365 1105 1406 Nam
1159 1363 1368 1408 Rufficam
1416 1376 1576 1406 vocem
1614 1365 1881 1407 intercidisse

613 1430 827 1478 ostendit,
867 1428 1168 1469 consen-natam
1204 1429 1248 1469 in
1275 1427 1488 1468 Polonica
1514 1427 1682 1479 lingua,
1722 1430 1766 1468 in
1800 1442 1881 1482 qua

612 1491 866 1533 Wiewierha
913 1491 1048 1533 adhuc
1079 1488 1243 1546 sciurus
1283 1490 1475 1532 dicitur:
1515 1490 1597 1531 effe
1629 1492 1784 1532 deinde
1803 1494 1880 1534 sci-

612 1568 713 1596 uros
738 1556 845 1596 alios
872 1555 1014 1605 albos,
1038 1557 1143 1597 alios
1163 1557 1333 1609 nigros,
1357 1554 1540 1607 denique
1561 1554 1699 1605 rufos,
1732 1556 1877 1609 itaque

614 1620 772 1658 mirum
811 1631 900 1658 non
957 1621 1041 1658 esic
1078 1647 1089 1670 ,
1137 1633 1232 1660 cum
1294 1617 1678 1671 Historiographus
1730 1619 1879 1661 Russus

612 1682 772 1722 adiecit
806 1681 931 1722 albos.
997 1683 1119 1723 Idem
1142 1681 1522 1734 Historiographus
1541 1683 1592 1722 ad
1611 1683 1665 1723 A.
1706 1682 1755 1725 C.
1782 1686 1876 1726 862

613 1745 787 1786 scribit:
826 1742 1053 1786 aslauomic
1097 1744 1287 1798 Varagos
1333 1741 1406 1799 esse
1443 1742 1582 1785 eiec‘los
1618 1752 1655 1786 et
1681 1745 1880 1790 tributum

612 1816 817 1862 negatum,
849 1807 979 1848 deinde
1001 1816 1076 1862 per
1112 1809 1247 1849 ciuiles
1272 1807 1413 1848 turbas
1441 1810 1609 1862 petitum
1627 1820 1653 1849 a
1693 1808 1879 1864 Varagis

604 1873 851 1927 principem:
890 1870 1083 1912 Rura-um
1109 1885 1191 1914 eum
1240 1869 1402 1926 fuisse,
1446 1872 1515 1930 qui
1546 1885 1632 1914 cum
1658 1867 1878 1925 fratribus

603 1932 903 1990 ,Novogrodmn
929 1934 1103 1977 venerit.

1755 2002 1874 2044 Haec

695 2200 743 2241 (5)
764 2207 785 2234 t.
810 2209 833 2233 1.
856 2211 885 2244 p.
907 2205 977 2240 484·
1005 2189 1055 2239 (6)
1081 2205 1126 2232 ΠΟ
1159 2188 1269 2232 §Tmou
1288 2189 1475 2242 B'Bss'Bpngel
