1976 2605
588 190 684 242 326
891 222 893 224 .
929 179 1215 227 PENDVLI
1258 176 1578 227 SIMPLICIS

702 304 818 345 Haec
850 301 1096 342 obseruatio
1131 312 1240 354 ergo
1287 299 1423 342 solum
1469 298 1854 353 Archangelopoli„

586 368 730 408 mense
757 365 906 419 Aprili
929 365 1029 406 anni
1060 369 1203 414 1728.
1242 375 1337 404 cum
1359 364 1555 405 omnibus
1576 364 1846 404 conditioni-

585 432 656 471 bus
684 429 894 482 requisitis
921 429 971 469 ab
1000 429 1093 482 ipso
1122 428 1215 469 fieri
1238 429 1399 481 potuit.
1469 426 1689 480 Siquidem
1707 427 1762 467 ibi
1783 429 1847 467 in·

582 495 703 534 uenit
736 494 917 533 domum
942 492 1054 532 bene
1099 493 1313 543 clausam,
1349 502 1392 532 et
1421 490 1593 531 coelum
1613 500 1692 543 per
1714 491 1848 543 pluri·

586 569 684 597 mos
724 556 814 598 dies
843 557 1039 597 serenum
1068 556 1144 609 ipsi
1174 555 1428 596 inseruiebat
1454 564 1501 595 vt
1524 554 1848 595 accuratiusco·

583 621 813 673 gnosceret
831 632 1038 674 quaenam
1071 620 1292 661 interesset
1325 617 1569 659 differentia
1595 618 1711 657 inter
1748 629 1848 657 mo-

585 693 676 724 tum
708 683 939 737 horologii
970 682 1225 725 oscillatorii
1246 694 1287 724 et
1324 693 1494 722 motum
1517 681 1708 721 medium
1732 680 1845 731 solis,

585 757 628 787 et
657 749 954 787 determinare
981 746 1148 788 valebat
1179 746 1508 800 regularitatem
1545 755 1690 784 motus
1709 743 1848 784 horo-

583 810 692 862 logii
719 811 858 863 spatio
892 822 945 860 ις
982 812 1178 861 dierum,
1217 824 1301 861 quo
1336 810 1651 862 saepenumero
1682 806 1848 847 oscilla-

583 874 728 913 tiones
760 875 935 924 penduli
963 873 1163 923 simplicis
1193 886 1289 914 cum
1317 872 1631 914 vibrationibus
1657 869 1846 912 horolo-

580 937 641 989 gii
669 934 968 988 comparabat.

704 1034 983 1085 Horologium
1009 1047 1030 1073 a
1058 1033 1177 1073 fratre
1207 1046 1304 1074 meo
1333 1034 1371 1073 in
1401 1033 1458 1074 his
1493 1035 1856 1087 comparationibus

582 1089 802 1128 adhibitum
824 1099 920 1137 pure
940 1086 1218 1137 Hugeniauum
1238 1088 1292 1125 est
1306 1088 1468 1133 ,etasuo
1489 1098 1629 1126 autore
1651 1089 1688 1127 in
1709 1087 1851 1129 tracta-

585 1152 626 1182 tu
646 1144 691 1180 de
714 1139 933 1191 horologio
954 1139 1194 1179 oscillatorio
1233 1138 1480 1190 descriptum.
1538 1140 1652 1180 Talia
1683 1152 1722 1181 et
1744 1142 1850 1181 enim

582 1195 799 1247 horologia
830 1194 942 1233 bono
971 1206 1060 1233 cum
1080 1189 1242 1232 succeffu
1264 1191 1302 1230 in
1320 1191 1614 1234 Obleruatorio
1633 1193 1764 1243 Regio
1779 1193 1852 1233 Pa-

584 1247 726 1288 rifiensi
753 1249 874 1288 etiam
903 1260 998 1287 num
1023 1245 1255 1285 adhibentur
1274 1276 1284 1293 ,
1323 1255 1364 1285 et
1386 1246 1554 1286 multum
1575 1245 1768 1298 praestant
1781 1246 1856 1287 ho-

585 1301 1061 1354 rologiisconstruetionis
1080 1298 1233 1351 disparis
1245 1311 1293 1337 =ac
1314 1301 1569 1348 recentiorl5‚
1607 1312 1775 1352 quorum
1796 1303 1851 1342 vi-

583 1357 784 1396 brationes
801 1368 879 1408 ope
896 1354 961 1394 fusi
991 1353 1187 1393 cuiusdam
1203 1352 1360 1405 (gallice
1379 1353 1468 1393 roch
1484 1361 1522 1393 et
1538 1353 1643 1402 dieti)
1663 1368 1854 1408 peragun-

588 1422 675 1457 tur,
712 1423 887 1463 quaeque
939 1409 1064 1449 minus
1083 1407 1301 1447 commode
1322 1407 1654 1448 obseruationibus
1678 1409 1856 1451 astrono-

587 1465 700 1506 micis
715 1463 949 1519 praesertim
977 1463 1014 1501 in
1033 1461 1174 1501 itinere
1192 1460 1367 1500 adhiberi
1388 1460 1557 1514 poffunt.

722 1559 934 1611 Postquam
956 1559 1084 1609 itaque
1105 1557 1223 1596 frater
1240 1568 1350 1596 meus
1369 1556 1533 1598 durante
1553 1567 1650 1598 toto
1669 1560 1800 1600 mense
1814 1574 1854 1601 av⁴

589 1613 696 1667 prilis
720 1614 860 1652 multas
880 1613 1106 1652 altitudines
1133 1610 1217 1650 solis
1242 1612 1525 1661 respondentes
1558 1613 1662 1652 horis
1688 1617 1852 1655 matuti-

589 1669 644 1707 nis
667 1678 707 1706 ct
727 1667 977 1717 Vespertinis
991 1665 1204 1717 quadrante
1223 1663 1289 1702 suo
1325 1664 1500 1705 adhibito
1530 1666 1605 1706 hoc
1634 1667 1852 1720 horologio

590 1720 817 1761 obferuass'et
831 1752 840 1770 ,
871 1731 912 1760 et
931 1732 982 1760 ex
1005 1720 1060 1759 his
1080 1718 1337 1758 altitudinibus
1362 1720 1577 1771 aequalibus
1595 1731 1849 1762 momentum

586 1775 765 1816 meridiei
787 1784 826 1813 et
854 1775 1010 1815 mediae
1039 1772 1161 1813 noc‘tis
1195 1771 1240 1810 ab
1273 1771 1492 1825 horologio
1535 1776 1855 1821 monstrandum,

589 1829 842 1870 correctione
867 1826 1071 1868 nece'ffixria
1106 1824 1200 1867 faeta
1228 1838 1304 1878 pro
1330 1828 1546 1869 variatione
1580 1829 1853 1870 declinationis

588 1884 690 1922 intra
711 1882 831 1922 horas
857 1882 1172 1922 obseruationum
1189 1914 1198 1929 ,
1221 1880 1372 1919 certior
1390 1880 1507 1922 factus
1526 1883 1580 1923 est
1597 1892 1757 1923 motum
1776 1883 1849 1924 ho⁴

589 1937 739 1989 rologii
760 1936 985 1977 oscillatorii
1005 1935 1089 1976 latis
1107 1935 1351 1987 aequabilem
1372 1935 1474 1976 fuiffe
1497 1946 1585 1988 et15
1600 1937 1849 1978 secundano-

594 1992 703 2030 rariis
733 1999 752 2036 8
774 1989 1100 2042 horarumspatio
1123 2002 1142 2028 a
1162 1998 1280 2030 motu
1297 1990 1431 2029 medio
1453 1990 1635 2032 defecisse.

718 2066 877 2107 Interea
894 2066 985 2106 dum
1004 2065 1076 2107 hae
1097 2077 1377 2120 peragerentur
1395 2067 1519 2111 frater
1548 2077 1656 2112 meus
1694 2083 1851 2124 praepam

592 2131 748 2161 ranerat
775 2121 988 2172 pendulum
1015 2120 1194 2173 fimplex,
1215 2121 1273 2161 cui
1285 2122 1570 2174 longitudinem
1582 2125 1749 2178 praecise
1760 2137 1849 2164 ean·

820 2211 839 2222 ,
1757 2180 1847 2218 dem
