1976 2605
543 153 635 197 124
859 133 944 180 DE
980 132 1138 180 LUCE
1170 133 1450 183 BOREALI.

668 275 709 311 9.
780 259 870 300 Hae
900 257 991 297 sunt
1022 250 1309 309 obseruationes
1338 267 1459 296 nouae
1480 266 1577 310 quas
1607 269 1807 300 enarrare

539 323 761 377 pollicitus
783 322 882 360 snm.
939 317 1117 358 Primum
1135 320 1253 373 quod
1275 331 1326 359 ex
1347 318 1428 360 illis
1450 317 1617 371 deduco,
1660 322 1807 364 moni-

540 397 631 426 tum
663 385 746 433 est,
799 382 1181 433 obseruationum,
1230 395 1332 436 quas
1368 386 1505 424 Anno
1556 387 1811 436 1726n'edi²

540 447 768 489 nonnullas
797 446 961 499 corrigi
994 446 1186 496 debere,
1237 446 1328 486 sunt
1361 447 1478 486 enim
1518 445 1575 486 ibi
1610 449 1807 501 phaeno-

542 523 668 552 mena
692 511 898 566 allegata,
932 509 985 549 de
1006 509 1153 563 quibus
1175 511 1266 551 dixi
1289 523 1336 551 ea
1357 510 1580 564 constanter
1598 510 1650 550 fic
1672 513 1712 552 se
1733 513 1807 554 ha-

540 576 669 623 bere,
696 588 793 615 cum
814 574 958 614 dicere
982 572 1212 615 debuiss‘em
1234 573 1585 629 quamplurimum
1607 574 1662 614 fic
1682 577 1722 616 se
1737 576 1809 617 ha-

541 640 665 680 bere:
702 640 785 681 Ex.
805 650 867 691 gr:
890 632 926 679 §.
949 652 992 688 4.
1020 649 1118 678 nro.
1145 652 1201 677 12
1227 638 1342 687 dixi,
1382 649 1505 678 omnes
1524 637 1671 690 vilgae
1701 637 1813 683 νεὲῗα

542 702 597 743 ad
620 703 813 743 verticem
849 699 1013 741 tendunt
1034 717 1042 742 z
1088 704 1101 748 (
1124 701 1165 741 id
1189 712 1280 741 tum
1303 702 1431 741 aliter
1453 713 1542 741 non
1566 703 1813 758 obseruaui)

543 778 654 807 nunc
686 766 916 807 dicendum
947 763 1030 812 est,
1074 771 1121 804 vt
1143 763 1357 818 plurimum
1388 765 1439 804 ad
1466 765 1683 805 verticem
1715 777 1812 808 ten·

545 831 649 870 dunt
665 856 677 879 ‚
714 830 936 870 interdum
956 838 1068 867 vero
1088 827 1139 867 ad
1162 830 1377 869 verticem
1397 828 1624 868 vicarium.
1644 831 1658 877 <
1682 823 1716 870 9.
1734 843 1776 881 7.
1799 838 1815 885 )

541 893 676 943 Dixi3
712 894 739 932 1.
764 906 800 932 c.
824 905 919 933 nro.
945 905 987 942 3.
1009 889 1194 942 alttffima
1210 904 1336 932 arcus
1348 898 1455 944 pars
1474 890 1633 931 boream
1663 892 1812 948 adsien-

533 969 619 1026 sum
654 952 879 1031 semper
904 966 1047 1008 exafz‘e
1086 974 1209 1010 tenet.
1303 969 1527 1010 Debebam
1571 970 1713 1009 dicere
1750 968 1816 1013 Vt

543 1038 876 1120 Plurimum·
933 1049 1408 1100 Nro.9.dixi:chasmcc
1425 1033 1651 1117 semper
1676 1050 1728 1105 est
1751 1056 1813 1091 te·

546 1130 797 1188 ›lebria-osum,
822 1146 934 1174 nunc
956 1134 1073 1183 dico,
1094 1131 1160 1177 Vt
1188 1118 1517 1198 Plurimum.
1592 1136 1683 1175 Hae
1721 1134 1815 1176 sunt

548 1210 638 1249 fere
658 1209 958 1248 correctiones
981 1219 1135 1248 omnes
1156 1218 1255 1260 quas
1277 1206 1444 1259 primae
1464 1217 1586 1246 meae
1617 1205 1813 1246 obserua-

548 1274 692 1314 tiones
712 1271 944 1326 postulant.

681 1350 754 1377 10.
821 1336 974 1378 Altera
991 1337 1177 1391 conclusio
1196 1336 1302 1376 haec
1324 1338 1396 1378 est:
1470 1334 1680 1389 Suprema
1706 1336 1818 1377 lieris

547 1399 794 1454 superficies
816 1413 837 1440 a
858 1409 1016 1439 centro
1038 1408 1180 1440 terrae
1206 1411 1295 1438 non
1316 1400 1469 1452 vbique
1495 1400 1730 1451 aequaliter
1752 1400 1816 1439 di-

551 1465 627 1505 stat
655 1490 666 1513 ,
716 1463 786 1504 sed
825 1475 934 1503 mox
971 1461 1040 1502 hic
1080 1460 1327 1502 intumescit
1359 1473 1467 1502 mox
1497 1461 1594 1500 alibi
1624 1461 1817 1503 subsidet,

551 1528 751 1582 Sequitur
781 1526 822 1565 id
852 1538 905 1566 ex
936 1525 1112 1566 theoria
1141 1537 1238 1565 mea
1268 1525 1319 1566 de
1339 1525 1430 1564 luce
1451 1524 1640 1575 boreali,
1676 1525 1818 1566 statuo

552 1594 670 1632 enim
698 1590 840 1631 trabes
859 1589 943 1631 effe
963 1589 1102 1629 lucem
1125 1588 1334 1629 reflexam
1357 1602 1378 1629 a
1403 1588 1614 1640 superiori
1635 1589 1817 1640 quadam

552 1654 778 1708 superficie
797 1653 950 1693 lucidis
970 1651 1186 1694 nubeculis
1205 1653 1480 1693 imminente.
1500 1651 1627 1699 (vide
1638 1651 1818 1692 I.Tom⁶

558 1720 818 1763 Comment.
842 1730 937 1771 pag.
961 1720 1081 1768 356,
1108 1720 1195 1768 361
1217 1743 1229 1765 ‚
1256 1720 1365 1767 362.
1389 1719 1416 1766 ).
1467 1714 1706 1768 cogitetur
1724 1713 1819 1767 pla·

555 1796 657 1824 num
688 1781 862 1836 aliquod
890 1780 1100 1821 transiens
1120 1793 1199 1832 per
1226 1779 1398 1821 oculum
1421 1778 1699 1830 spectatoris,
1737 1788 1819 1831 pet

556 1847 722 1888 trabem
747 1857 790 1886 et
813 1857 892 1897 per
917 1844 1119 1897 puniti-im
1150 1844 1343 1892 radians,
1385 1841 1560 1894 planum
1589 1841 1675 1882 hoc
1705 1840 1819 1881 seca-

558 1911 617 1950 bit
639 1908 911 1963 superficiem
942 1907 1246 1948 reste-:stentem
1278 1905 1330 1945 ad
1358 1906 1539 1958 angulos
1564 1906 1722 1947 rec'tos.
1740 1907 1755 1953 (
1775 1904 1819 1945 id

559 1986 615 2014 ex
640 1974 802 2026 opticis
821 1970 1015 2022 constat)
1083 1969 1126 2011 Si
1154 1968 1401 2022 superficies
1428 1967 1656 2010 reflectens
1675 1981 1697 2009 a
1716 1980 1818 2008 ceno

558 2048 633 2079 tro
653 2046 795 2076 terrae
817 2035 1054 2088 aequaliter
1073 2033 1225 2086 vbique
1246 2031 1391 2081 distat,
1432 2033 1558 2085 plana
1586 2031 1818 2082 eiusmodi,

558 2110 776 2158 quotquot
798 2099 1045 2155 finguntur,
1085 2108 1239 2139 omnes
1265 2107 1346 2152 per
1365 2096 1580 2139 verticem
1600 2093 1819 2138 transeunt

1721 2157 1817 2211 spe·-
