1976 2605
542 112 632 165 ΕΤ
661 112 1058 165 nvn-sums.
1348 145 1364 172 1
1377 146 1403 184 9
1414 146 1439 186 a

160 250 364 300 quatenus
390 252 440 283 ea
469 238 802 281 connexionem
830 239 1014 282 fortassis
1038 241 1214 284 obtinet
1236 254 1332 285 cum
1355 248 1443 289 alio

160 308 292 349 strato
318 304 616 359 pinguedinis,
659 304 709 344 ad
729 302 1049 346 formationem
1070 305 1336 349 valuularum
1366 312 1446 364 in-,

159 370 421 414 testinalium
449 367 657 423 proxime
683 367 973 419 inseruiente,

288 493 324 540 §.
367 512 411 550 9.
470 494 548 538 Ista
572 494 822 548 pinguedo,
863 507 884 534 a
906 494 1204 548 praecedente
1228 498 1286 538 ita
1314 498 1436 541 distat

159 574 206 604 vt
230 564 345 603 inter
365 573 432 601 cas
461 560 546 600 duo
575 558 655 599 alia
682 558 935 608 inuolucra,
978 572 1109 599 vnum
1140 573 1345 600 carneum
1373 566 1439 604 scu

161 626 422 676 musculare,
443 623 625 664 alterum
653 623 916 663 vasculosum
941 635 995 663 ex
1013 624 1239 676 capacibus
1261 627 1437 677 amplis-

157 703 238 744 que
257 689 359 732 vasis
376 686 639 742 sanguiuehis
659 688 843 728 arcuatis
864 688 1088 737 constans,
1126 687 1274 728 locum
1306 701 1435 729 occu-

156 764 288 806 pent,
330 752 453 806 super
504 763 609 805 quae
640 750 734 791 vasa
774 751 970 805 praefata
1008 753 1230 804 pinguedo
1267 754 1435 795 eminet

155 829 201 856 ac
224 828 302 857 vna
320 827 417 856 cum
443 815 539 868 ipsis
560 816 654 868 iuga
672 813 795 868 supra
819 825 1067 856 memorata
1088 815 1312 865 efformat,
1339 819 1432 872 qui-

158 879 232 920 bus
253 891 409 920 neruea
430 880 573 921 tunica
594 878 822 932 postremo
842 879 1108 933 agglutinata
1146 893 1195 922 ac
1226 879 1339 921 telae
1368 883 1433 923 in·

155 943 234 984 star
254 943 459 996 imposita
480 945 554 985 est:
619 943 730 983 Tres
750 944 894 997 itaque
915 944 1068 984 diuersi
1089 944 1264 997 generis
1284 955 1433 997 partes

152 1007 203 1046 ad
232 1006 433 1047 fabricam
470 1004 738 1048 valuularnm
780 1007 1038 1049 necessariae
1075 1009 1181 1048 sunt.
1257 1021 1295 1047 1.
1322 1009 1431 1050 Vasa

149 1071 318 1110 maiora
355 1080 523 1110 arcuata
562 1069 628 1109 seu
664 1069 891 1110 fornicata.
968 1084 1008 1109 2.
1045 1071 1197 1125 Adeps
1225 1072 1292 1112 seu
1328 1073 1429 1125 pin·

143 1133 304 1187 guedo.
375 1147 417 1185 3.
457 1133 624 1175 Tunica
645 1145 818 1174 neruea.
886 1134 1030 1191 Quare
1049 1134 1120 1175 vbi
1142 1135 1235 1176 vasa
1256 1146 1429 1177 arcuata

146 1196 351 1237 deficiunt
370 1224 382 1247 ,
426 1198 470 1238 in
491 1197 725 1238 interstitio
753 1197 913 1239 scilicet
934 1199 1110 1238 duarum
1138 1198 1424 1251 valuularum,

150 1258 204 1297 ibi
239 1270 374 1310 neque
412 1260 634 1311 pinguedo
671 1272 807 1312 neque
837 1272 995 1300 neruea
1023 1262 1165 1302 tunica
1195 1272 1424 1305 tumorem

148 1321 216 1362 seu
246 1322 390 1373 iugum
419 1323 640 1371 excitant,
688 1322 756 1363 sed
786 1323 1114 1376 complanatam
1146 1324 1423 1379 superficiem

147 1384 368 1426 exhibent.
438 1386 615 1433 Rursus,
661 1386 836 1437 quando
875 1386 967 1425 vasa
1009 1388 1137 1427 nimis
1173 1390 1423 1442 compress‘a

147 1459 216 1490 aut
252 1459 380 1489 vacua
413 1446 506 1490 sunt
545 1446 817 1502 desee‘tusque
849 1449 1128 1501 pinguedinis
1162 1452 1299 1502 adest,
1342 1466 1419 1495 ne-

143 1511 250 1554 cess‘c
268 1513 323 1555 est
341 1524 398 1553 eo
420 1512 462 1551 in
479 1512 571 1553 casu
590 1512 780 1565 deprimi
806 1514 928 1566 iuga,
971 1511 1091 1554 sicuti
1119 1516 1418 1560 consideranti

142 1587 280 1630 patet.
348 1575 572 1618 Postremo
621 1575 843 1618 obseruaui
883 1579 925 1617 in
971 1580 1189 1625 nonnullis
1233 1581 1416 1622 cadaue-

142 1640 276 1689 ribus,
317 1641 366 1680 ab
392 1640 472 1681 alia
500 1640 616 1682 causi
640 1640 803 1683 deletas
829 1641 947 1682 fuisse
975 1642 1198 1692 Valuulas‚
1238 1646 1414 1698 quando

145 1704 347 1745 nimirum
383 1706 473 1747 Ae'r
504 1705 675 1748 cellulas
703 1706 898 1760 adiposas
927 1706 986 1746 ita
1013 1705 1139 1746 inflat
1171 1718 1214 1749 et
1246 1720 1411 1761 expan-

144 1769 230 1816 dit,
271 1779 317 1809 vt
347 1778 520 1811 tumore
550 1771 710 1812 exinde
741 1780 875 1812 enato
914 1769 1074 1811 cauit-as
1107 1770 1298 1812 intestini
1320 1772 1411 1816 fere

143 1831 405 1874 occludatur.
431 1882 435 1887 ⁴
469 1833 557 1879 Sed
584 1834 638 1879 de
667 1834 809 1878 hocce
829 1835 1076 1880 Tumorum
1098 1835 1409 1879 intestinalium

141 1908 302 1951 genere
339 1896 450 1942 alias.

203 2150 314 2197 Tom.
337 2152 421 2199 IV.
525 2148 531 2153 ’
737 2159 809 2201 Bb
1300 2160 1402 2202 EX·
