1976 2605
181 154 273 203 AD
312 146 457 199 REM
496 144 864 194 scLOPeTAR.
918 144 1305 192 PERTINENT.
1358 166 1444 203 271

299 268 337 316 5.
377 283 452 312 20.
520 267 666 310 Paucis
691 268 822 308 ctiam
850 269 947 308 noti
975 269 1067 310 sunt
1096 268 1262 322 globuli
1291 282 1450 310 couca-

180 339 320 381 tenati
344 337 412 377 seu
445 346 524 388 per
559 332 680 374 filum
712 332 1011 373 orichalceum
1041 335 1266 383 connexi,
1307 334 1450 375 breui·

181 413 250 444 ter
283 403 428 453 itaque
465 396 643 452 parandi
672 397 854 436 modum
883 397 1099 438 indicabo.
1169 398 1260 449 fig.
1279 413 1322 449 9.
1348 398 1447 441 Cir-

181 464 479 507 cumuoluitur
506 459 622 502 filum
652 474 678 501 a
706 459 997 501 orichalceum
1018 488 1029 510 ,
1069 461 1380 501 craffiusculum
1404 473 1448 504 et

179 529 393 584 igniendo
420 527 528 567 bene
547 524 798 565 emollitum
820 535 863 563 et
885 524 1185 576 obsequiosum
1209 526 1447 577 redditum,

180 593 387 647 cylindro
415 589 468 643 b,
505 600 552 630 vt
597 587 875 629 altitudinem
923 587 1013 628 fere
1061 587 1228 628 dimidii
1277 587 1452 640 pollicis

183 665 412 711 exaequet.
477 653 706 696 Eximatur
748 650 968 704 cylindrus
1002 652 1369 704 circumgyrando
1406 662 1451 693 et

181 730 382 762 extrema
407 717 468 759 fili
495 730 515 757 c
545 727 588 758 et
622 730 642 757 e
667 727 980 766 recuruentur‚
1023 726 1068 756 et
1100 718 1261 756 iterum
1291 715 1450 756 cande-

181 781 255 824 fiat
278 781 496 837 paululum
516 780 805 822 conuolutum
826 779 946 821 filum
967 780 1261 821 orichalceum
1281 794 1319 821 a.
1354 778 1448 821 De-

179 846 281 888 inde
308 858 441 887 vnum
472 856 722 886 extremum
752 858 773 885 c
819 855 1099 887 recuruatum
1142 845 1186 885 in
1217 845 1449 885 modulum

180 909 415 951 formando
443 909 626 961 globulo
664 909 922 951 destinatum
952 909 1213 963 imponatur
1233 918 1277 948 et
1298 907 1449 949 funda-

177 982 248 1015 tur
273 972 471 1028 globulus
500 982 602 1011 tunc
627 973 826 1023 globulus
854 972 933 1010 filo
962 971 1151 1011 firmiter
1179 971 1452 1024 adhaerebit;

177 1038 249 1080 Ad
279 1039 463 1078 alterum
491 1044 741 1074 extremum
776 1033 838 1073 fili
866 1046 886 1072 e
916 1035 1049 1073 etiam
1071 1034 1273 1073 fundatur
1290 1033 1446 1085 globu-

175 1101 255 1139 lus.
322 1097 518 1137 Tandem
547 1097 634 1136 duo
662 1095 726 1135 isti
764 1094 932 1149 globuli
971 1094 1091 1136 filum
1127 1095 1350 1138 flectendo
1387 1097 1448 1138 ita

175 1161 461 1214 disponantur
490 1168 538 1199 vt
564 1158 688 1213 supra
715 1171 848 1200 vnum
867 1158 1093 1212 globulum
1107 1157 1447 1215 sconuolutum

177 1223 299 1264 filum
326 1236 350 1262 a
376 1222 500 1261 situm
531 1221 605 1273 fit,
649 1224 716 1264 cui
749 1222 907 1262 insistat
943 1223 1054 1265 alter
1100 1223 1299 1276 globulus
1331 1222 1360 1263 d
1401 1232 1447 1264 et

177 1285 459 1326 concatenati
485 1283 649 1337 globuli
678 1295 804 1325 erunt
832 1285 950 1326 recle
974 1288 1129 1339 parati.

298 1342 334 1389 5.
379 1361 451 1387 21.
521 1347 702 1402 Explofi
731 1347 772 1388 hi
791 1347 955 1400 globuli
978 1350 1219 1392 combinati
1242 1363 1445 1405 magnam

183 1413 269 1452 vim
300 1419 497 1451 exerunt.
566 1415 657 1452 Aut
694 1412 814 1449 enim
852 1423 1045 1465 corpora
1094 1414 1323 1465 dissecant,
1366 1429 1446 1469 per

182 1475 300 1516 filum
353 1473 624 1527 proiectione
669 1474 938 1527 explicatum
987 1488 1030 1517 et
1071 1477 1335 1531 extensum3
1374 1491 1445 1522 aut

180 1537 414 1592 globulus,
455 1549 613 1591 corpus
642 1536 832 1587 feriens,
875 1538 1042 1590 efficit,
1080 1552 1128 1581 vt
1160 1542 1183 1582 :i
1220 1541 1298 1583 filo
1339 1543 1444 1586 illud

178 1602 468 1651 dilaceretur,
509 1603 627 1656 eique
659 1614 862 1656 magnum
902 1603 1050 1644 vulnus
1085 1604 1322 1658 infligatur.

294 1661 330 1707 §-
373 1680 445 1706 22.
515 1667 744 1708 Praeterea
791 1667 1192 1711 considerationem
1246 1681 1443 1711 meretur

177 1728 359 1770 cochlea
386 1742 494 1780 mas,
534 1744 614 1784 qua
644 1744 741 1771 cum
778 1730 996 1772 orificium
1033 1733 1243 1786 posterius
1280 1733 1437 1774 claudi-

181 1805 249 1832 tur
290 1793 377 1833 tubi
415 1793 712 1848 sclopetorum
766 1795 780 1844 (
808 1799 870 1844 bie
896 1799 1386 1854 ῶώωηηῐριεώεηηβς
1408 1800 1435 1848 ).

180 1858 293 1898 Haec
322 1855 349 1896 fi
377 1857 425 1896 ad
449 1857 627 1912 figuram
658 1858 951 1912 parabolicam
981 1870 1238 1909 excatletur,
1281 1862 1303 1901 a
1333 1874 1437 1914 pau-

179 1933 233 1959 co
265 1919 437 1973 puluere
479 1925 607 1976 pyrio
643 1934 800 1976 magna
837 1924 901 1964 vis
935 1924 1194 1965 conciliatur
1233 1924 1438 1979 sclopetis

179 1985 268 2036 fig.
303 1997 376 2026 ιο.

297 2043 330 2089 §.
375 2062 445 2099 23.
514 2051 624 2094 Cum
654 2052 767 2091 enim
813 2051 1016 2104 parabola
1045 2051 1154 2093 hanc
1183 2052 1337 2094 habeat
1365 2053 1426 2094 in-

176 2112 355 2155 dolem,
399 2123 443 2152 vt
474 2126 623 2156 omnes
649 2116 754 2156 radii
781 2142 789 2162 ‚
835 2128 891 2156 ex
919 2115 1022 2156 foco
1055 2115 1290 2171 parabolae
1326 2130 1430 2171 pro-

174 2171 285 2215 Tum.
311 2173 393 2215 IV.
763 2179 808 2219 M
834 2191 875 2219 m
1358 2192 1430 2220 ue·

1505 402 1569 440 Fig,
1594 404 1619 433 3,

1475 2001 1542 2040 Fig.
1574 2010 1625 2034 ιο,
