1976 2605
621 194 718 240 300
1127 173 1216 223 DE
1251 168 1531 224 VARAGIS

616 304 873 341 mentorum
885 291 1053 348 patriae
1071 290 1355 348 inuestigator
1374 294 1498 335 nob1s
1511 294 1670 348 pictum
1687 291 1821 337 dedit.
1836 291 1880 339 Si

616 359 910 411 nauigationis
933 356 1105 398 laudem
1129 366 1173 397 et
1198 357 1466 399 fortitudinis
1481 360 1669 412 gloriam
1687 371 1880 413 quaeras,

619 425 737 478 quod
750 423 924 463 omniin
934 422 1113 474 Europa
1124 420 1223 462 litus
1235 422 1304 472 est,
1315 424 1402 475 quis
1413 436 1551 477 paene
1564 422 1754 476 angulus,
1769 433 1815 464 vt
1829 422 1882 463 il-

618 487 697 528 lius
719 485 885 539 gloriae
906 499 995 527 non
1017 485 1066 527 fit
1089 485 1204 526 testis
1221 481 1238 525 ζ
1257 485 1448 528 Orcades
1459 487 1885 539 autem‚Scotia,Hi··

616 551 766 592 berni-a
788 577 801 601 ‚
841 550 1033 602 Anglia,
1070 549 1245 591 Francia
1264 576 1276 600 ,
1320 552 1410 592 vim
1443 549 1561 592 illam
1582 551 1653 592 vel
1672 552 1714 591 in
1735 550 1885 604 primis

616 615 847 656 senserunt.
915 614 1124 667 Magnum
1166 613 1300 653 isthuc
1343 615 1516 668 quidem
1548 615 1649 657 effet
1680 627 1815 669 opus,
1852 611 1882 656 fi

620 679 710 733 quis
740 689 896 718 omnes
915 677 1220 732 expeditiones
1245 677 1442 733 persequi
1468 678 1620 721 vellet.

679 804 812 858 Apud
835 801 1031 847 Graecos
1051 805 1213 860 priscos
1234 803 1487 847 latrocinari
1509 805 1615 846 nihil
1640 814 1733 846 erat
1754 802 1884 853 aliud,

617 879 748 921 quam
806 867 1014 911 militare.
1078 869 1440 926 Pyrgopolinices
1468 884 1594 913 more
1612 869 1791 912 illorum
1806 879 1885 909 ve-

618 940 731 974 terr:

735 1054 919 1098 Videtur
935 1063 1087 1108 tempus
1106 1052 1175 1109 ff
1192 1082 1204 1105 ‚
1242 1062 1293 1095 vt
1305 1067 1438 1097 eamus
1456 1055 1670 1110 adforum,

733 1116 801 1161 Vt
821 1120 861 1159 in
879 1117 1035 1158 tabellis
1063 1129 1160 1172 quos
1177 1118 1396 1170 confignauz‘
1424 1117 1486 1157 hic
1503 1118 1591 1158 heri

734 1181 941 1224 Latrones
965 1208 977 1232 ,
1017 1179 1105 1221 ibus
1141 1180 1377 1221 dinumerent
1383 1181 1617 1234 stipendium
1635 1195 1645 1222 ε
1663 1222 1670 1229 ,

734 1241 787 1286 N
789 1257 852 1284 am
874 1256 952 1285 rex
969 1242 1153 1286 Seleucus
1176 1255 1235 1283 me
1253 1251 1367 1296 opere
1385 1245 1523 1283 orauit
1542 1250 1729 1282 maxumo
1749 1264 1765 1292 ‚

731 1305 793 1352 Vt
802 1307 882 1362 fibi
900 1307 1077 1349 latrones
1099 1317 1274 1361 cogerem
1292 1312 1332 1348 et
1349 1303 1642 1361 conscriberem.

736 1436 829 1478 Aut
860 1432 1228 1488 quemadmodum
1256 1431 1652 1484 Periplestomenes
1674 1448 1682 1473 ε
1702 1430 1890 1488 an‚qut'a

619 1497 914 1541 latrocinamini
933 1525 945 1547 ,
983 1496 1265 1545 arbitramini,
1304 1494 1464 1549 quiduis
1493 1495 1613 1536 licere
1634 1495 1778 1550 fucere
1809 1507 1887 1536 vo-

619 1558 721 1603 biv?
758 1562 829 1602 De
858 1559 1145 1613 praedonibus
1173 1558 1351 1602 Graecis
1389 1571 1480 1600 non
1518 1560 1575 1599 est
1622 1560 1788 1600 necess‘e
1835 1569 1887 1603 vt

617 1626 845 1677 quidquam
876 1624 1191 1664 interseramus.
1258 1622 1455 1663 Eundem
1484 1623 1527 1662 in
1557 1624 1738 1663 modum
1769 1623 1890 1676 apud·

623 1686 1021 1740 Septe'ntrionales
1047 1686 1138 1726 suit.
1208 1685 1310 1726 Mos
1341 1696 1448 1736 erat,
1477 1696 1525 1727 vt
1547 1686 1724 1727 alternis
1771 1698 1884 1740 ope·

618 1764 712 1794 ram
745 1752 896 1792 darent
923 1761 1193 1792 mercaturae
1219 1758 1264 1790 et
1292 1749 1500 1804 piraticae
1524 1776 1537 1802 ‚
1571 1752 1699 1802 (10)
1753 1760 1798 1792 et
1832 1756 1884 1792 vt

736 1875 941 1933 Covsestim
957 1874 1241 1931 pofitoficrore
1266 1873 1442 1919 Martis

736 1939 823 1992 Pas}
835 1941 1013 1994 piratica
1033 1940 1173 1982 dammz
1188 1969 1199 1991 ‚
1236 1939 1452 1995 destinaret

735 2003 878 2045 Plenas
895 2003 1090 2046 mercibus
1129 2004 1285 2059 institor
1313 2006 1493 2055 carinas,

619 2088 787 2132 Aboetar
807 2091 923 2130 enim
944 2088 1031 2131 hoc
1057 2088 1162 2130 loco
1185 2089 1354 2132 Sidonii
1384 2088 1585 2131 modulis.
1621 2087 1677 2131 Hi
1706 2086 1877 2142 piratae

1793 2151 1876 2190 sese

633 2207 1255 2256 W4·
1278 2222 1361 2255 2742
