1976 2605
613 148 693 195 ιΝ
743 146 998 196 numo.
1387 164 1450 210 ⁶9

174 278 260 318 nim
285 273 503 316 descensus
526 285 615 313 non
638 285 733 313 cum
759 272 953 313 descensu
976 273 1019 312 in
1038 272 1240 325 cycloide
1264 286 1454 329 congru-

171 353 241 392 et,
285 340 359 380 nisi
383 342 414 380 is
436 351 489 379 ex
513 338 617 378 dato
642 339 803 390 punc‘to
827 338 1075 389 incipiatur.

300 401 335 448 §.
376 426 419 462 4.
485 402 611 443 Idem
633 403 885 441 attendenti
915 401 1084 442 uberius
1108 400 1255 455 palam
1278 401 1379 454 fiet,
1420 403 1450 445 fi

168 470 368 523 inspiciat
407 466 686 521 aequationes
722 465 779 504 ibi
821 464 964 513 datas,
1015 475 1059 504 et
1103 466 1313 516 modurn,
1361 481 1449 521 quo

169 545 317 575 erutae
349 533 531 573 suerunt.
597 527 922 581 Deprehendet
953 529 1071 568 enirn
1096 529 1139 568 in
1163 530 1212 568 iis
1239 530 1374 571 adhuc
1397 535 1449 576 Li-

168 608 331 649 teram,
367 608 473 651 quae
501 593 734 634 constantis
765 594 956 645 speciem
987 603 1093 645 prae
1122 594 1162 632 se
1197 592 1304 645 fert3
1340 607 1449 648 quae

167 674 279 702 vero
302 675 345 701 re
366 659 451 712 ipsa
474 670 518 698 ac
542 657 673 697 initio
699 656 917 699 descensus
947 656 1128 709 pendet.
1197 657 1249 700 Id
1278 670 1388 711 ergo
1418 659 1450 702 fi

167 726 294 766 aliter
320 722 512 764 voluerit
541 721 751 762 assumere
790 733 839 761 ea
878 733 1097 775 apparens
1138 721 1338 762 constans
1367 723 1451 765 alia

163 789 246 829 erit
271 799 314 828 et
337 788 504 828 idcirco
525 798 654 828 curua
675 786 788 840 quasi
809 786 940 827 alium
974 797 1274 840 parametrum
1304 789 1450 842 acqui—

161 863 261 901 ret,
311 864 354 892 et
385 866 407 893 a
441 853 583 905 priori
612 852 774 893 diuersa
802 851 971 891 euadct.
1059 852 1156 892 Hoc
1192 852 1449 893 incommo-

163 916 263 956 dum
295 930 383 957 non
417 917 484 956 diu
518 916 613 969 post
644 916 729 969 ipse
755 916 1081 965 animaduerti,
1139 926 1181 955 et
1215 927 1451 969 praeterea

160 979 310 1022 Celeb.
339 978 596 1021 Hermannus
634 981 676 1020 in
700 980 1004 1021 diflert-„itione
1035 980 1088 1019 de
1123 981 1313 1022 motibus
1334 982 1450 1022 vari-¹

162 1047 241 1084 atis
269 1047 388 1087 Acii>
408 1047 527 1087 Anni
555 1057 681 1097 1727
705 1045 888 1095 inserta,
929 1046 970 1084 in
990 1057 1071 1099 qua
1094 1044 1310 1094 ostendit,
1351 1058 1448 1087 cui·-

161 1121 253 1160 uas,
288 1123 393 1164 quae
418 1122 474 1152 ex
499 1110 660 1152 eodem
684 1110 935 1164 principi0,
977 1122 1063 1162 quo
1095 1110 1181 1161 ipse
1219 1109 1310 1149 usus
1338 1110 1447 1162 sum,

161 1174 462 1227 inueniuntur,
496 1188 689 1230 quaeque
717 1174 1046 1216 tautochronae
1079 1173 1162 1214 effe
1190 1174 1447 1226 videantur,

160 1235 404 1292 hujusmodi
433 1251 582 1280 tamen
614 1253 706 1280 non
734 1239 843 1288 effe,
884 1250 977 1278 tum
1014 1239 1070 1279 ob
1098 1239 1294 1278 rationes
1322 1251 1344 1277 a
1374 1251 1448 1279 me

162 1313 333 1352 quoque
367 1303 606 1351 perspe&as
640 1302 794 1351 hicque
833 1299 1089 1351 expositas,
1141 1310 1233 1340 turn
1271 1310 1448 1355 tempus

164 1362 380 1403 descensus
397 1363 532 1414 ipsum
556 1362 850 1412 inuestigauit‚
890 1363 1017 1412 idque
1048 1364 1246 1403 constans
1267 1377 1358 1404 non
1379 1378 1445 1406 es-

164 1426 202 1466 se
223 1438 308 1479 pro
329 1427 455 1465 variis
477 1423 694 1464 descensus
713 1424 848 1463 initiis
869 1424 1050 1476 reperit.

289 1485 325 1532 §.
367 1500 407 1539 5.
478 1488 603 1531 Nolo
627 1489 782 1541 igitur,
816 1501 1059 1542 quanquam
1081 1501 1150 1529 eas
1170 1491 1256 1543 ipse
1282 1491 1445 1543 princi-

160 1554 237 1607 pio
269 1555 310 1593 in
350 1553 747 1594 tautochronarum
779 1565 966 1594 numero
996 1552 1149 1603 habui,
1193 1557 1305 1596 aliud
1327 1552 1446 1612 judi-

160 1619 272 1658 cium
303 1618 354 1659 de
382 1619 429 1659 iis
458 1617 580 1669 ferri,
621 1617 696 1658 nisi
727 1617 844 1670 quod
875 1630 958 1672 pro
980 1618 1178 1671 quolibet
1199 1622 1350 1661 medio
1376 1632 1444 1660 re-

159 1681 330 1723 fistente
365 1684 566 1736 aequatio
604 1683 659 1722 ibi
690 1683 789 1722 data
822 1683 879 1724 ob
912 1683 1189 1724 constantem
1218 1697 1444 1725 memora-

161 1755 249 1785 tam
271 1747 523 1787 variabilem
549 1747 800 1800 ponendam
824 1758 971 1788 totam
995 1746 1201 1789 exhibeat
1233 1747 1445 1788 familiam

160 1822 410 1861 cumarum,
461 1811 585 1864 super
630 1812 776 1867 quibus
817 1814 965 1865 grauia
1006 1825 1062 1854 ex
1097 1812 1250 1852 debito
1289 1813 1444 1866 cuique

161 1876 323 1926 pumsto
361 1875 602 1916 descensum
641 1875 901 1929 incipientia
937 1876 1101 1929 aequali
1142 1888 1352 1928 tempore
1390 1877 1444 1917 ad

161 1940 362 1992 pune'tum
387 1939 585 1980 infimum
618 1941 899 1992 perueniant,
939 1941 1066 1991 idque
1095 1940 1258 1979 eodem
1283 1941 1443 1994 modo,

158 2015 244 2055 qno
274 2005 315 2044 in
342 2017 478 2045 vacuo
508 2004 630 2058 super
660 2004 872 2057 cycloide.
969 2003 1082 2046 Cum
1110 2004 1241 2056 igitur
1268 2017 1442 2059 cogno-

158 2067 306 2107 uiiscrn
343 2081 488 2109 curuas
525 2068 599 2109 has
628 2068 679 2109 ad
710 2068 1142 2108 tautochronismum
1184 2069 1438 2121 producen-

157 2130 260 2174 dum
291 2145 383 2175 non
411 2134 492 2177 effe
522 2144 642 2191 aptas
663 2160 678 2186 ‚
725 2133 870 2175 statim
891 2145 982 2175 non
1004 2131 1144 2175 solum
1165 2146 1252 2187 ego
1285 2146 1442 2176 verum

756 2198 776 2240 1
803 2213 828 2250 3
1303 2199 1438 2238 etiam
