1976 2605
393 119 828 174 arsisrrmria
863 98 1206 172 srrcmr'iv.
1337 147 1434 188 η,

152 256 287 296 titur:
348 250 462 294 Cum
497 247 602 289 fibra
631 248 671 289 H
702 247 825 300 super
855 246 994 289 fulcro
1024 250 1063 290 A
1094 248 1352 290 extenditur
1383 252 1436 292 ad

149 319 254 369 HK,
296 326 338 358 et
371 315 495 368 super
519 313 656 353 fulcro
680 312 710 353 F
731 314 1045 365 comprimitur
1068 326 1144 364 per
1169 313 1225 354 141
1248 315 1435 368 perinde

149 383 233 434 est,
275 393 321 423 ac
348 379 374 420 si
397 377 516 419 tensa
538 376 640 418 eisc-t
666 377 803 416 solum
829 390 905 429 per
928 377 1242 419 Hir-HK-Kl.
1297 380 1433 422 Recte

149 446 194 487 id
233 443 462 499 profesto,
500 441 529 482 fi
571 453 750 495 praeter
789 441 974 493 spatium
1013 442 1285 483 exteniionis
1325 442 1436 484 nihil

141 511 417 564 spect-inens.
462 506 568 550 Non
590 506 693 545 licet
717 515 862 545 autem
884 502 1080 545 simiiiter
1101 504 1283 546 inferre:
1327 507 1432 547 Mo·

146 584 350 616 mentum
371 572 503 614 fibrae
523 571 586 620 H,
612 569 734 622 super
757 568 897 608 fulcro
921 570 961 610 A
981 567 1211 618 extensae,
1238 581 1316 621 per
1335 570 1431 622 HK,

145 637 177 679 fi
207 639 353 679 demas
382 645 664 678 momentum
695 633 827 674 fibrae
857 633 916 675 141
940 632 1066 686 super
1089 631 1229 673 sulcro
1253 632 1283 673 F
1304 645 1430 674 com·

143 701 337 756 press‘ae,
379 700 620 754 aequiualet
642 698 910 739 resistentiae
932 696 1064 739 fibrae
1092 696 1432 750 H1(:H1<-1<1)

144 764 350 806 extensae
380 764 465 805 sine
495 763 649 805 fulcro.
717 761 882 820 Quodsi
914 762 1048 816 igitur
1076 763 1194 804 recte
1225 761 1308 802 Vir
1337 775 1428 802 nia-

141 841 248 884 gnus
268 828 443 879 intulit,
471 823 653 883 suppleri
669 828 954 869 ratiocinium
976 826 1294 870 dilucidatione
1316 838 1432 870 noua

145 904 190 936 et
220 892 368 948 potest
398 903 442 934 et
471 893 618 934 debet.

268 953 306 1000 §.
359 971 437 1009 30.
512 957 769 998 Tractemus
807 956 1038 1009 negotium
1067 954 1156 1011 fine
1186 956 1290 997 omni
1317 955 1429 996 arti—

131 1018 243 1072 ficio.
315 1019 361 1062 Si
384 1018 546 1062 nullam
572 1022 688 1061 trabs
707 1020 1082 1073 compressionem
1113 1020 1303 1073 patitur,
1345 1020 1430 1061 erit

137 1086 178 1126 Α
211 1083 393 1124 fulcrum
424 1084 694 1126 extensionis
722 1083 927 1124 fibrarum
954 1085 997 1125 in
1019 1083 1199 1126 ABAF:
1260 1085 1430 1138 eritque

138 1146 272 1199 nisus,
319 1160 405 1202 quo
434 1147 617 1189 fulcrum
648 1151 688 1190 A
719 1159 902 1201 vrgetur
928 1149 971 1188 in
1004 1149 1252 1190 directione
1284 1147 1428 1189 lineae

138 1211 246 1258 ΑΚ,
292 1223 335 1250 et
370 1211 729 1263 proportionalis
755 1212 898 1252 lineae
920 1213 1166 1261 AKzAH,
1204 1212 1233 1252 fi
1256 1214 1428 1264 pondus

141 1272 172 1313 P
201 1273 445 1323 exponitur
475 1286 552 1326 per
582 1275 665 1314 AO
697 1273 942 1314 distantiam
971 1277 1115 1315 centri
1143 1276 1353 1316 tensionis
1387 1271 1424 1319 §.

145 1339 222 1375 26.
245 1346 288 1374 et
310 1335 548 1376 resistentia
569 1336 773 1376 fibrarum
796 1337 989 1377 absoluta
1022 1351 1098 1389 per
1128 1339 1222 1380 OH.
1291 1340 1425 1382 Tolle

141 1396 350 1448 fulcrum,
401 1409 445 1438 et
481 1410 664 1451 patere,
714 1408 761 1438 vt
802 1399 1178 1452 compressionem
1216 1402 1424 1445 admittat

141 1461 328 1514 lignum:
366 1462 514 1516 vtique
542 1462 612 1502 liic
644 1460 733 1514 ipse
765 1464 875 1503 nisus
904 1466 1177 1517 comprimet
1200 1464 1353 1507 fibram
1377 1469 1421 1508 in

140 1527 205 1575 A,
245 1539 426 1580 cumque
449 1539 498 1568 ea
515 1527 673 1567 cedere
695 1539 785 1567 non
807 1527 960 1581 possit,
1002 1542 1102 1582 quin
1132 1541 1177 1571 et
1211 1532 1422 1584 proxima

141 1589 341 1631 nonnihil
363 1592 598 1632 concedat:
638 1594 994 1646 comprimentur
1020 1593 1153 1635 fibrae
1182 1598 1420 1648 contiguae

143 1665 311 1705 omnes,
334 1655 473 1696 donec
492 1655 729 1698 resistentia
751 1659 987 1699 earundem
1011 1660 1242 1700 coniuncta
1263 1670 1419 1714 aequet

142 1716 301 1768 nisum,
340 1719 409 1773 qui
431 1718 566 1761 fulcro
592 1722 817 1762 incumbit.
888 1723 1117 1775 Fingamus
1142 1724 1183 1763 id
1203 1725 1416 1777 accidere,

143 1793 239 1821 cum
267 1794 361 1834 pars
388 1782 587 1833 fibrarum
619 1785 772 1830 AASG
802 1786 958 1828 inclusa
996 1787 1049 1828 sic
1089 1789 1418 1843 comprimitur,

142 1856 188 1885 Vt
219 1845 345 1887 sec'tio
375 1848 500 1889 trabis
530 1849 577 1890 fit
608 1849 729 1893 FSG.
797 1853 876 1893 Hic
906 1854 1054 1905 vtique
1076 1865 1154 1892 nec
1175 1855 1214 1895 A
1235 1853 1417 1895 fulcrum

143 1910 225 1949 erit
248 1909 446 1954 fibrarum
470 1914 712 1962 tensarum,
754 1928 833 1956 nec
858 1915 898 1956 S.
971 1915 1173 1969 Singulae
1198 1920 1345 1971 potius
1366 1918 1416 1960 fi-

140 1971 241 2012 brae
263 1975 374 2016 inter
396 1976 422 2017 S
443 1987 485 2018 et
504 1980 542 2021 A
558 2007 569 2029 ‚
594 1978 663 2019 vel
686 1977 711 2020 S
735 1989 776 2019 ct
797 1978 836 2022 G
860 1979 1027 2033 positae
1049 1980 1195 2033 fulcri,
1226 1983 1296 2023 sed
1316 1996 1415 2037 par-

139 2037 250 2077 tialis
278 2040 492 2081 rationein
520 2043 704 2095 habent,
745 2057 1024 2100 vnaqiiaeque
1056 2059 1139 2101 pro
1167 2047 1262 2090 suae
1288 2060 1413 2090 com-

138 2100 370 2155 preffionis
395 2105 591 2149 modulo.

719 2169 758 2214 Z
792 2185 816 2212 2
1271 2172 1411 2228 §.gn

1460 957 1531 999 rig.
1560 964 1611 990 xo·
