1976 2605
114 134 229 181 Dan.
258 129 465 177 Bernoulli
489 130 812 184 Experimenta
850 143 1001 171 coram
1041 132 1254 173 societate
1282 135 1394 176 inth-

232 209 325 240 tuta
350 197 394 237 in
425 195 818 238 confirmationem
858 195 1059 236 theoriae
1108 195 1394 250 prcffionum,

232 274 332 316 quas
364 260 502 302 latera
544 262 701 303 canalis
744 259 794 300 ab
842 272 945 315 aqua
974 260 1259 302 transfluentc
1283 262 1407 304 susti-.

233 336 352 368 nent.
383 338 423 379 p.
471 338 577 376 ¹94·

111 391 209 447 Joh.
250 388 399 444 Georg.
428 388 659 430 Leummnn.
728 387 1125 442 Anamorphoseos
1164 389 1393 443 polyedri·

234 470 308 498 cac
337 452 667 495 constructionis
702 450 936 491 methodus
966 465 1069 491 vcra
1113 466 1241 505 atque
1275 467 1396 498 certa

231 521 399 563 notatis
439 516 632 557 falsarum
671 516 1058 556 manudutstionum
1097 516 1243 568 passim
1286 532 1393 570 pro-

237 585 472 639 pofitarum
504 579 734 621 anomnliis
765 580 942 633 opticis.
969 591 1063 633 pag.
1100 594 1208 621 202.

116 649 304 694 Eiusdem
328 643 632 688 Confirmatio
662 643 887 685 dilationis
917 656 1044 699 atque
1073 645 1395 688 contrastionis

183 734 192 742 ·
232 709 515 752 metallorum
546 719 674 764 atque
702 709 922 750 vitrorum
947 720 1290 751 momentaneae
1314 723 1394 764 per

232 775 539 829 experimenta
577 785 621 815 et
661 773 946 816 instrumenta
985 774 1163 817 nouiter
1199 775 1392 817 inuenta.

233 852 330 893 pag.
372 844 480 880 216.

108 902 203 957 Jos.
232 901 486 944 Wejthrecht
511 903 562 944 de
583 903 772 945 Astione
802 902 1097 945 musculorum
1125 904 1174 945 ab
1196 903 1392 958 ipsorum

233 969 477 1010 dircstione
507 968 732 1021 pendente
761 969 996 1022 specimen.
1025 979 1122 1022 pag.
1160 983 1273 1021 234.

112 1030 302 1074 Eiusdem
323 1033 571 1086 Ligamenti
593 1031 896 1074 clauicularum
920 1033 1173 1074 communis
1194 1033 1388 1088 descrip-

232 1099 315 1138 tio,
353 1111 446 1151 pag.
490 1108 599 1148 255.

110 1158 302 1202 Eiusdem
334 1161 674 1204 obseruationes
707 1162 996 1203 anatomicae.
1033 1174 1132 1216 pag.
1159 1164 1270 1213 258.

106 1223 207 1277 Joh.
235 1223 384 1280 Georg.
413 1224 633 1267 Leutmann
663 1228 996 1267 Annotationes
1026 1237 1069 1268 et
1108 1228 1392 1280 experimen-

231 1302 274 1330 ta
305 1291 514 1342 quaedam
546 1291 717 1328 rariora
747 1303 791 1328 et
823 1292 994 1326 curiosa
1013 1291 1064 1326 ad
1093 1300 1189 1326 rem
1219 1286 1390 1342 sclope-

232 1349 386 1385 tarium
422 1345 703 1394 pertinentia.
731 1357 827 1393 pag.
861 1351 972 1392 265.

107 1406 206 1460 Joh.
229 1403 377 1459 Christ.
403 1402 617 1446 Buxbaum
647 1403 699 1442 de
726 1403 1065 1460 Ocymophyllo
1104 1419 1228 1450 nouo
1264 1410 1390 1464 plan·

231 1480 370 1510 tarum
401 1479 577 1520 genere.
610 1479 705 1521 pag.
735 1479 845 1519 277.

109 1531 298 1576 Eiusdem
321 1534 372 1573 de
401 1532 560 1573 Plantis
584 1531 834 1573 submarinis
859 1533 1186 1578 obseruationes
1208 1550 1250 1591 p.
1276 1551 1387 1592 279.

107 1596 296 1641 Eiusdem
325 1598 376 1637 de
408 1597 701 1649 Fungoidibus
728 1599 934 1651 pediculo
956 1600 1143 1642 donatis.
1164 1615 1258 1657 pag.
1277 1608 1388 1647 281.

250 1736 331 1797 IN
382 1737 689 1798 CLASSE
750 1740 1223 1815 HlSTORICA,

109 1903 286 1962 Theoph.
313 1906 465 1963 Sig‘fi‘·
491 1909 644 1963 Bayeri
663 1911 898 1954 Elementa
921 1913 1235 1968 Brahmanica‚
1266 1918 1383 1960 Tan·

224 1983 383 2024 gutana
413 1984 458 2014 et
489 1973 738 2027 Mungznlica
774 1991 816 2029 p.
851 1982 961 2030 289.

107 2032 299 2079 Eiusdem
328 2038 464 2079 Numi
493 2038 580 2080 duo
617 2039 866 2083 Ptolemaei
921 2041 1115 2098 Lagidae
1174 2045 1384 2101 explicati

224 2112 325 2156 pag.
358 2105 471 2155 264.

1279 2235 1386 2283 Eius
