1976 2605
511 156 1048 245 OBSERVATIONES
1358 213 1450 255 ης

166 312 280 366 oculi
309 331 399 361 non
429 327 519 360 tam
551 316 693 371 lyncei
719 343 729 365 ‚
773 329 846 358 ant
885 315 1081 356 cultellus
1111 327 1201 375 n-on
1228 325 1318 358 tam
1346 330 1449 358 acu·

163 398 262 439 tus,
301 398 385 441 pro
416 396 505 425 vno
538 381 722 434 simplici
754 380 896 421 hibita
924 392 1043 422 lunt:
1085 386 1210 436 ipcro
1230 410 1241 431 ,
1280 394 1349 422 me
1369 395 1447 423 ve·

162 453 278 493 niam
325 451 463 491 saltim
512 447 593 487 effe
644 448 993 498 promeriturum
1016 472 1027 494 ‚
1071 445 1098 484 si
1147 445 1444 488 musculorum

162 528 241 570 par
283 516 534 567 integi-um,
571 510 801 550 insolitum
854 510 953 550 alias
989 538 999 560 ‚
1040 519 1083 548 et
1128 505 1445 562 magnitudinis

158 593 250 621 non
273 576 624 620 contemnendae
653 574 895 629 producam
918 603 927 624 ‚
953 574 1072 628 quod
1096 576 1342 615 ecaaaucre
1362 577 1443 616 mi-

157 645 247 686 litis
278 643 494 684 cuiusdam
545 639 631 682 talc
683 636 936 692 depronzfi:

271 693 533 750 Immediate
579 704 648 746 sub
692 703 888 744 thoracis
924 702 1244 755 integumentis
1271 715 1328 744 ex
1355 703 1444 743 osse

157 774 328 813 summo
357 771 483 812 sterni
511 770 605 811 ‘duo
646 768 820 810 musculi
876 768 1130 808 oricbantur
1177 767 1445 822 aponeurofi

156 836 380 877 communi
411 835 560 886 breui,
599 846 787 888 quorum
808 831 919 873 alter
946 832 1119 886 paulum
1144 834 1195 874 ad
1218 834 1442 883 dextram,

156 900 267 942 alter
297 899 492 940 similiter
522 899 574 939 ad
603 898 814 940 sinistram
845 896 984 939 flexus
1009 924 1020 947 ,
1065 897 1444 951 super'cartilagi·

153 976 226 1005 nes
255 964 467 1005 costarum
498 973 542 1003 et
575 965 770 1018 origines
801 962 980 1003 musculi
1013 962 1248 1014 pectoralis
1299 964 1442 1002 maio-

152 1028 210 1070 ris
235 1028 490 1069 decurrebat
513 1052 524 1074 ‚
566 1026 720 1067 relicto
741 1026 886 1066 sterno
911 1025 1245 1078 propemodum
1272 1025 1442 1066 intacto

155 1103 199 1133 et
230 1093 361 1133 nudo.
432 1091 608 1141 Corpus
638 1090 758 1130 huius
789 1089 902 1139 paris
935 1087 1230 1128 musculorum
1264 1097 1354 1128 tres
1376 1089 1443 1129 di-

149 1155 270 1207 gitos
295 1153 430 1193 latum
462 1163 506 1193 et
533 1152 720 1205 digitum
750 1150 932 1192 crassum
962 1151 1188 1206 postquam
1220 1163 1440 1206 peruene-

150 1227 217 1258 rat
250 1218 302 1257 ad
337 1217 481 1257 costae
524 1218 703 1271 quintae
747 1228 880 1258 verae
909 1215 1214 1270 cartilaginem
1238 1243 1250 1266 ‚
1291 1216 1440 1258 denuo

154 1280 448 1332 degenerabat
478 1280 519 1320 in
546 1279 843 1334 aponeurosin
867 1305 878 1330 ‚
919 1293 1027 1333 quac
1050 1280 1176 1321 fibras
1197 1280 1441 1334 tendineas,

153 1354 262 1397 quae
289 1355 311 1382 a
339 1343 507 1383 serrato
546 1346 715 1384 maiore
753 1344 905 1384 antico
939 1346 1245 1397 proueniunt,
1286 1345 1439 1386 decus·

156 1407 245 1448 sans
264 1433 276 1457 ,
314 1416 357 1446 et
387 1407 650 1459 principium
683 1407 857 1447 musculi
883 1408 1131 1450 abdominis
1160 1409 1268 1450 recti
1297 1419 1441 1452 trans·

156 1470 293 1525 gressa
314 1470 488 1511 tandem
511 1471 553 1510 in
576 1470 865 1523 inscriptione
887 1469 1008 1510 huius
1030 1473 1172 1524 prima
1193 1472 1439 1515 maximam

159 1546 330 1589 partem
368 1534 693 1575 obluctabatur,
767 1532 813 1577 Si
844 1535 897 1575 de
948 1535 1122 1577 afflone
1166 1536 1436 1591 interroger:

159 1611 337 1641 autumo
360 1626 371 1649 ‚
410 1598 719 1640 contrahendo
751 1598 832 1640 sese
851 1600 1035 1643 Rectum
1059 1600 1308 1642 abdominis
1326 1614 1438 1655 pro-

159 1665 251 1718 pius
278 1663 329 1704 ad
358 1665 504 1718 pectus
530 1663 782 1715 attrahere,
820 1675 947 1719 atque
975 1665 1038 1705 ita
1065 1666 1108 1707 in
1127 1664 1438 1719 respirationiS

161 1728 346 1783 negotio
372 1729 466 1769 suos
504 1729 592 1770 usus
624 1741 824 1770 exerere.

275 1791 485 1835 Ceterum
511 1805 555 1835 et
583 1793 681 1834 fitus
702 1821 714 1844 ‚
757 1805 801 1834 ct
834 1792 1080 1849 progressus
1107 1801 1151 1833 et
1171 1791 1437 1837 insertiones

160 1855 285 1897 sicile
315 1866 457 1910 partes
499 1870 617 1899 meas
658 1868 870 1910 tuentur,
909 1858 935 1899 si
970 1860 1062 1911 quis
1091 1870 1163 1899 me
1194 1870 1435 1912 perperam

160 1918 306 1961 vidisse
335 1920 440 1963 mihi
468 1921 694 1964 obiecerit.
763 1923 919 1977 Neque
967 1923 1218 1976 suspicionis
1260 1935 1434 1964 metum

161 1996 231 2024 me
259 1985 476 2027 incurrere
502 2000 681 2041 putem,
719 1987 832 2041 quasi
859 1988 1033 2028 homini
1063 1987 1272 2040 affingere
1292 1988 1434 2029 stude·

160 2060 253 2088 rem
275 2075 287 2100 ,
327 2062 433 2103 quae
447 2051 693 2107 quibusdam
714 2051 1031 2094 tantummodo
1054 2052 1304 2094 animalibus
1324 2065 1432 2107 pro-

159 2113 254 2166 pria
298 2114 380 2155 effe
427 2118 604 2158 constat.
673 2118 887 2171 Equidem
945 2129 1035 2157 non
1090 2118 1253 2172 ignoro
1283 2144 1296 2168 ‚
1336 2117 1431 2158 Ve-

158 2175 308 2220 salium
334 2191 514 2222 ornnem
541 2194 725 2225 mouere
751 2181 945 2234 lapidem
980 2194 1142 2225 contra
1187 2181 1426 2232 Calenum,

740 2245 779 2290 K
797 2246 826 2289 k
861 2258 891 2288 2
1371 2256 1428 2287 ne
