1976 2605
491 165 954 233 MUSCULORUM
1328 192 1342 218 ἒ
1358 195 1375 231 5
1395 193 1407 221 1

129 299 381 347 Eustachius
439 299 544 340 Tab.
598 297 795 340 XXXII.
847 295 958 338 vidit
998 298 1014 345 )
1048 306 1166 336 cum-
1195 295 1418 350 principio

131 367 348 409 Thenaris
375 366 413 407 se
445 362 689 404 confundit.
760 365 830 403 An
860 372 972 402 vcro
999 360 1113 400 circa
1142 360 1334 401 confinia
1356 362 1420 402 di-

131 432 329 487 gitorum
408 428 568 470 desinat
632 425 917 479 aponcurosis
952 452 964 474 ‚
1019 423 1104 465 fiue
1170 436 1223 464 an
1291 436 1418 480 usque

134 495 189 535 ad
248 495 555 536 extremitates
608 490 785 531 illorum
848 484 1108 542 pertingat?
1149 489 1417 541 disputatur.

133 555 388 614 Numquam
427 556 535 598 mihi
581 564 670 594 tam
709 553 823 593 felici
865 552 947 593 effe
975 551 1204 604 contigit,
1247 561 1295 592 vt
1326 565 1416 594 tam

134 624 399 678 longeillam
423 619 625 674 prosequi
648 617 882 672 potuissem
907 634 915 659 :
956 615 1025 656 sed
1048 614 1166 656 illam
1192 627 1302 656 mox
1323 628 1344 655 a
1368 617 1420 656 li·

131 699 346 741 gamento
360 684 654 726 discedentem
671 682 926 737 plerumque
939 681 981 721 in
994 687 1083 739 tres
1095 688 1241 735 partes
1252 680 1418 727 dirimi,

131 753 270 793 veluti
297 750 404 791 radii
431 749 581 793 c-ireuli
603 759 830 802 tamquam
862 759 884 788 e
912 755 1071 787 centro
1093 736 1340 801 productas,
1362 746 1422 786 nd

130 827 219 857 tres
251 815 440 871 digit05‚
478 814 707 864 Iudicem,
752 811 948 854 Medium
983 810 1327 851 etAnnularem
1354 810 1416 848 di-

131 881 299 931 rechs3
335 890 382 920 ac
429 877 546 918 fibris
595 878 674 918 suis
720 886 940 930 perpetuo
991 875 1028 914 se
1057 873 1415 922 diminuentibus,

131 943 293 998 partim
319 955 418 985 cum
462 941 634 996 vaginis
682 941 911 982 tendinum
951 939 1276 987 Extcnsorum‚
1318 950 1416 990 par-

129 1009 212 1049 tim
242 1020 338 1047 cum
375 1007 625 1058 ligamento
659 1007 804 1057 aliquo
853 1003 1102 1043 transverso
1140 1002 1230 1051 (J)
1271 1012 1417 1054 prope

130 1072 298 1112 radices
326 1070 566 1124 digitorum
585 1096 596 1118 ‚
638 1068 792 1108 eadem
815 1067 989 1106 ratione
1013 1078 1058 1105 nc
1078 1077 1176 1104 cum
1200 1065 1415 1117 ligamen-

124 1144 180 1175 to
213 1133 446 1182 annulari,
488 1131 696 1171 confundi
739 1130 913 1183 semper
953 1128 1060 1169 milii
1090 1128 1226 1168 visum
1257 1127 1349 1169 fuit.

257 1198 296 1246 §.
340 1215 414 1244 20.
481 1197 596 1243 Non
624 1213 770 1242 meum
801 1200 859 1240 est
898 1211 1008 1239 nunc
1040 1199 1320 1240 examinare:
1361 1213 1413 1241 :in

130 1265 204 1307 hie
233 1266 441 1306 musculus
465 1276 635 1307 creatus
660 1264 740 1314 sit,
778 1274 826 1305 vt
856 1263 1011 1316 depilis
1039 1262 1115 1304 fiat
1151 1259 1296 1302 cutis?
1339 1261 1415 1304 an?

133 1340 181 1369 vt
215 1328 329 1368 sensu
364 1327 561 1369 acutiore
585 1329 634 1369 sit
670 1327 774 1367 vola
815 1326 1051 1379 praedita3
1090 1339 1140 1367 an
1166 1322 1268 1367 ?·vt
1306 1329 1416 1370 cutis

135 1403 284 1433 manus
332 1392 375 1430 in
412 1390 795 1444 apprehendendis
825 1390 1006 1432 obiectis
1035 1389 1267 1431 firmetur:
1307 1393 1415 1434 haec

134 1458 254 1497 enim
284 1454 432 1494 omnia
458 1455 622 1508 partim
657 1453 844 1494 ab'aliiS.
871 1453 1058 1492 refutata
1084 1454 1204 1503 sunt,
1247 1458 1413 1506 partim

134 1521 203 1561 sua
230 1511 483 1560 infirmitate
507 1517 742 1558 labascunt.
810 1512 918 1558 Sunt
953 1515 1046 1556 usus
1081 1516 1181 1575 alii,
1220 1519 1289 1571 qui
1319 1532 1413 1561 ma·

135 1585 281 1625 iorem
311 1582 506 1624 veritatis
529 1581 719 1636 speciem
752 1591 856 1634 prae
886 1579 925 1621 se
952 1579 1112 1623 ferunt.
1180 1582 1414 1626 Constrin-

135 1654 239 1702 gere
270 1658 444 1701 manum
475 1673 488 1706 2
528 1645 597 1687 seu
626 1657 775 1686 cauam
807 1642 927 1686 illam
965 1645 1152 1688 reddere
1184 1647 1329 1701 posse,
1357 1651 1416 1691 'et

135 1721 373 1763 corrugare
396 1709 518 1760 'hunc
554 1703 791 1752 musculum
827 1716 957 1762 negat
994 1711 1037 1750 in
1074 1712 1317 1752 Anatomia
1344 1712 1414 1754 sua¹

137 1774 345 1817 rationali
363 1772 564 1829 Tauryus
595 1790 608 1827 ;
640 1774 710 1816 sed
753 1772 962 1814 credibile
1008 1782 1179 1815 tantum
1209 1775 1322 1826 esse,
1363 1787 1412 1819 vt

137 1847 437 1892 metacarpum
495 1837 637 1882 versus
673 1837 894 1892 originem
926 1838 1042 1879 suam
1071 1837 1214 1879 trahat
1246 1866 1258 1889 ‚
1299 1841 1411 1882 arbi·

137 1913 292 1944 tratur.
357 1903 519 1945 Verum
545 1905 694 1958 primo
715 1931 727 1954 ,
769 1901 1055 1943 nihilominus
1082 1903 1125 1942 in
1150 1915 1278 1944 manu
1300 1918 1412 1948 con·
1448 1901 1450 1903 ’

138 1966 385 2021 stringenda
411 1968 596 2009 eundem
625 1968 879 2009 adiutorem
901 1966 985 2008 effe
1007 1966 1285 2010 crediderim:
1308 1983 1409 2024 par·

137 2032 249 2082 tim,
287 2031 404 2085 quia,
439 2032 540 2074 dum
570 2031 878 2082 abbreviatur,
919 2030 1104 2086 aliquam
1131 2032 1410 2086 pinguedinis

720 2096 741 2139 Ι
762 2096 774 2136 i
800 2109 842 2136 2·
1226 2100 1407 2150 portio-

131 2172 180 2214 (1)
211 2172 306 2201 Huius
320 2170 474 2207 lignmenti
492 2173 621 2203 meminit
644 2173 814 2213 Duglnfius.
829 2177 941 2213 optime
963 2184 1056 2207 nutem
1074 2177 1237 2208 denne-uit
1260 2186 1352 2209 totam
1376 2190 1411 2210 ι.

170 2218 393 2288 geni-”23:⁰3
410 2212 587 2293 ‘grjifionflm
612 2224 668 2249 unt
701 2226 765 2249 cun
791 2217 956 2258 ligamento
984 2218 1132 2253 eaffiriu·
1159 2220 1196 2251 de
1221 2221 1297 2261 Org.
1320 2223 1408 2255 Sene.
