1976 2605
431 182 865 233 RrsrsTENnA
909 183 1249 232 specuum.
1377 198 1469 244 1⁶7

196 303 816 370 Qzsbyd.z·:fhcdx:bcxss
841 309 976 350 const.
997 309 1139 351 :hcm
1215 310 1346 353 Cuius
1381 311 1474 365 qui-

192 378 292 419 dem
316 373 530 415 formulae
550 373 618 414 hic
639 373 730 414 vsus
753 373 836 423 est,
870 384 917 414 vt
939 374 1070 423 datis,
1111 374 1228 426 quod
1250 374 1347 416 ficri
1369 386 1474 429 poto

192 439 277 490 est,
321 452 398 493 per
431 438 741 492 experimenta
767 436 986 478 valoribus
1009 437 1234 478 literarum
1255 441 1314 496 Q,
1350 452 1395 490 c,
1429 450 1474 481 et

189 525 239 563 a,
291 513 535 553 inueniatur
564 498 744 562 kizffi)
773 520 857 562 pro
885 508 1096 550 firmitate
1126 508 1257 551 fibrae
1286 511 1476 564 ligneae,

191 576 335 630 quales
356 587 502 618 totam
529 575 758 626 complere
785 585 932 614 arcam
961 571 1199 625 finguntur.
1267 574 1417 628 Itaque
1444 575 1475 616 fi

191 640 344 684 fibram
376 642 498 681 datae
525 637 732 679 crassitiei
756 637 863 678 velis
899 637 1198 690 cognoscere:
1274 636 1337 678 Sit
1375 650 1476 679 area

191 704 324 746 fibrae
352 701 626 744 transuersim
651 702 787 744 scenae
811 700 951 753 ῑλεα,
997 703 1081 742 erit
1106 702 1170 743 vis
1196 713 1293 742 eam
1321 713 1476 756 ruptu-

190 790 236 818 ra
273 763 427 829 Σῗῗ.

318 835 355 883 9.
395 855 439 892 9.
511 838 790 894 Supponitur
814 850 959 881 autem
982 839 1024 879 in
1045 839 1130 880 hoc
1152 837 1344 890 calculo,
1371 850 1470 881 tex-

190 915 333 946 turam
365 904 493 945 trabis
523 906 739 946 internam
770 904 866 945 satis
897 903 979 944 ess'e
1010 903 1243 944 similarem
1265 932 1276 954 ,
1324 915 1369 945 vt
1399 918 1475 945 ne-

190 970 295 1022 gligi
319 969 566 1010 differentia
587 968 684 1010 situs
705 968 907 1009 fibrarum
933 967 1077 1021 possit.
1145 968 1187 1009 Si
1211 970 1328 1007 enirn
1351 968 1478 1009 fibras

190 1033 434 1073 interstitiis
460 1046 481 1072 ιι
510 1034 548 1072 se
587 1034 775 1072 inuicem
813 1032 1115 1084 irregulariter
1150 1032 1353 1072 seiunctas
1390 1033 1475 1071 effe

190 1097 319 1145 velis,
361 1106 529 1137 certum
552 1096 632 1145 est,
667 1096 842 1137 valores
858 1096 1042 1149 prodire
1063 1096 1171 1136 alios
1190 1105 1316 1148 atque
1340 1094 1475 1147 alios3

189 1171 324 1214 prout
346 1161 387 1200 id
409 1159 678 1201 multitudini
698 1159 902 1200 fibrarum
921 1158 1140 1208 detrahit,
1182 1169 1344 1211 vtpote
1364 1172 1472 1214 quae

190 1224 278 1264 sola
308 1224 375 1265 hic
407 1225 448 1264 in
475 1235 739 1278 computum
770 1225 920 1273 venit,
963 1236 1060 1264 cum
1088 1224 1132 1264 in
1163 1224 1357 1276 sequenti
1379 1223 1472 1264 casu

193 1289 325 1326 etiam
355 1287 577 1326 diuersitas
607 1288 838 1339 positionis
862 1289 1097 1338 plurimum
1118 1287 1331 1327 conferat.
1401 1287 1471 1327 Li·

190 1349 303 1389 cebit
325 1359 472 1389 tamen
493 1348 658 1400 vulgari
680 1348 898 1389 methodo
919 1348 1130 1398 infistere,
1164 1362 1206 1390 et
1227 1348 1354 1390 fibras
1377 1351 1472 1390 vni-

191 1413 399 1453 formiter
431 1425 508 1464 per
544 1413 710 1452 trabem
753 1413 993 1452 distributas
1027 1412 1220 1466 fingere,
1262 1415 1474 1465 quoniam

194 1490 271 1517 nec
310 1477 517 1529 detegere
554 1487 731 1524 verum,
774 1487 861 1528 quo
900 1476 1067 1525 iacent,
1119 1476 1349 1524 ordinem,
1394 1489 1474 1516 nec

192 1542 243 1582 ad
268 1542 441 1594 praxin,
482 1539 509 1580 ss
529 1538 598 1579 vel
621 1540 812 1579 maxime
835 1539 1158 1590 innotesceret,
1194 1553 1290 1580 cum
1314 1539 1471 1594 insigni

193 1605 435 1646 discrimine
457 1603 677 1658 applicare
700 1602 934 1657 possumus.

318 1663 353 1711 §.
401 1682 473 1709 10.
545 1668 611 1710 Sit
639 1669 722 1708 inm
755 1680 893 1721 porro
924 1670 1126 1720 potentia
1153 1669 1204 1718 P,
1243 1681 1350 1723 quae
1381 1681 1468 1710 tra-

191 1732 287 1772 bem
324 1732 477 1772 debeat
505 1733 768 1787 transuerstm
793 1731 1047 1785 abrumpere.
1117 1732 1336 1775 Galilaeus
1365 1735 1469 1785 rigi-

193 1796 292 1835 dum
317 1809 474 1848 corpus
493 1796 791 1846 considerans,
833 1798 977 1850 rumpi
1002 1796 1122 1836 simul
1146 1810 1301 1837 omnes
1324 1797 1468 1847 fibras,

191 1861 387 1912 adeoque
409 1872 451 1900 ct
472 1873 625 1900 omnes
645 1872 744 1901 tota
767 1861 830 1901 sua
851 1863 892 1901 vi
915 1861 1130 1911 resistere,
1160 1862 1320 1902 intulit.
1362 1860 1470 1902 Inde

193 1924 376 1977 sequitur
407 1926 547 1978 rumpi
579 1925 667 1965 illas
695 1927 819 1977 super
845 1925 926 1965 basi
954 1925 1104 1972 ADC,
1147 1937 1189 1966 et
1214 1926 1471 1966 resistenti-as

194 1987 393 2027 fibrarum
422 1988 577 2029 habere
609 2001 887 2028 momentum
918 2001 1045 2028 tanto
1076 1988 1254 2038 fortius,
1301 2002 1469 2044 quanto

193 2052 362 2103 longius
393 2064 413 2091 a
441 2053 522 2093 basi
551 2065 756 2104 rupturae
787 2052 947 2092 absunt.
1016 2052 1155 2104 Igitur
1185 2066 1469 2094 momentum

192 2115 431 2164 resiste-nui,
477 2118 591 2169 quod
621 2118 887 2156 elementum
920 2111 1027 2168 EffF
1069 2120 1298 2168 potentine
1325 2119 1355 2160 P
1383 2133 1466 2170 op-

189 2192 338 2234 ponit,
360 2180 417 2221 est
437 2180 610 2236 aequale
630 2180 740 2225 sasto
758 2181 1021 2224 resistenti-ae
1041 2181 1468 2233 abiblutac(:.bccl.r)

1422 2257 1470 2286 in

1511 1680 1578 1718 fig.
1599 1686 1636 1719 4.
