1976 2605
494 169 557 217 3⁶
609 229 612 234 ἡ
911 174 914 178 ·
951 154 1285 206 PROBLEMA

490 283 654 323 torium
677 279 876 333 probum.
948 292 986 318 2.
1012 279 1294 320 Momentum
1317 290 1403 331 quo
1422 277 1527 320 fidus
1546 281 1597 321 ad
1617 283 1756 323 verti«

491 345 627 385 calem
650 343 855 383 azimuthi
875 339 1044 394 alicujus
1063 343 1260 394 appellit.
1302 356 1343 391 3.
1359 343 1648 398 Quadrantem
1671 358 1757 399 quo

490 407 739 448 altitudines
772 404 883 445 visae
925 404 1166 456 capiuntur.
1250 425 1293 460 4.
1323 405 1658 447 Instrumentum
1687 410 1757 450 vel

492 469 745 510 observandi
763 466 1023 507 methodum
1044 468 1250 507 idoneam
1273 481 1350 519 qua
1372 470 1588 509 azimutha
1608 475 1758 513 exacte

492 533 765 573 definiuntur.
832 529 903 570 De
932 529 1175 584 horologio
1208 530 1475 571 oscillatorio
1505 544 1657 573 notum
1683 536 1756 585 est,

490 608 617 648 quam
645 594 984 635 commendetur
1011 593 1059 632 ab
1093 593 1318 645 omnibus,
1372 605 1417 634 ut
1449 608 1536 635 non
1575 609 1682 649 opus
1710 598 1760 638 sit

490 658 613 712 plura
641 658 798 697 dicere.
866 655 1080 708 Appulsus
1112 658 1291 697 siderum
1329 660 1378 698 ad
1412 660 1638 698 verticales
1675 660 1760 701 five

491 723 532 762 in
553 723 657 762 tubo
686 721 736 760 ad
767 720 885 759 filum
906 720 1138 770 verticale,
1179 720 1249 761 vel
1268 722 1310 759 in
1331 734 1498 761 camera
1519 722 1689 762 obscura
1709 724 1763 764 ad

493 785 612 825 filum
635 785 912 824 horizontale
935 784 1158 823 extensum
1179 787 1192 833 (
1213 795 1343 836 prout
1362 784 1483 824 Dnus
1500 785 1563 824 Pr.
1582 780 1762 826 Del'isle

493 849 635 888 facere
666 848 774 888 solet
804 853 817 899 )
850 848 919 886 vel
948 857 990 886 et
1019 847 1069 885 ad
1099 857 1324 901 utrumque
1352 847 1456 888 latus
1485 848 1761 900 dioptrarum

493 912 842 964 'sychonicarum
869 910 1168 960 observentur,
1193 912 1287 951 satis
1307 910 1497 952 distinete
1519 914 1763 964 percipiun-

498 984 595 1024 tur,
651 976 710 1015 ita
742 985 785 1014 ut
815 976 1074 1014 exercitatus
1104 974 1358 1014 observator
1393 988 1604 1028 nunquam
1641 975 1765 1014 facile

493 1039 615 1078 unius
644 1039 796 1076 minuti
822 1038 991 1077 secundi
1016 1051 1212 1077 errorem
1243 1039 1521 1089 committat3
1564 1039 1694 1090 igitur
1721 1048 1764 1079 et

495 1102 582 1141 hoc
621 1100 867 1153 requisitum
898 1100 994 1139 satis
1022 1102 1171 1141 emere
1203 1100 1442 1139 obtinetur.
1510 1103 1637 1158 Quod
1665 1115 1766 1154 qua-

498 1165 698 1204 drantem
727 1165 905 1213 attinet,
953 1175 1006 1202 eo
1026 1173 1203 1203 utuntur
1223 1164 1353 1202 etiam
1374 1163 1442 1202 alii
1464 1177 1545 1214 pro
1576 1165 1651 1202 suis
1674 1176 1766 1202 me-

497 1226 668 1274 rhodis,
711 1227 917 1265 instruunt
950 1239 1046 1265 eum
1086 1240 1254 1278 quoque
1282 1226 1538 1267 Astronomi
1565 1226 1769 1265 hodierni

499 1287 711 1344 ejusmodi
738 1286 958 1335 artificiis,
1014 1295 1059 1324 ut
1098 1287 1229 1324 fidem
1265 1298 1353 1324 non
1393 1299 1568 1336 parvam
1597 1289 1767 1325 habeat.

497 1353 639 1403 Igitur
659 1351 799 1400 quoad
822 1350 904 1386 tria
925 1349 1071 1397 priora
1093 1348 1288 1397 requifita
1311 1348 1423 1384 nulla
1442 1346 1668 1388 difficultas
1688 1348 1769 1388 mi-

500 1413 544 1454 hi
567 1409 694 1466 objici
717 1410 857 1464 potest
876 1421 953 1461 qua
974 1409 1106 1460 magis
1126 1420 1301 1461 premar
1322 1419 1367 1446 ac
1391 1408 1475 1446 alii.

635 1488 707 1515 10.
777 1474 938 1513 Verum
962 1472 1077 1510 enim
1097 1484 1205 1512 vero
1225 1469 1545 1511 azimuthorurn
1568 1471 1771 1512 inventio

503 1544 546 1582 et
576 1537 890 1579 determinatio
921 1545 1147 1584 accurata,
1198 1547 1378 1587 operam
1408 1533 1562 1574 faceffit
1592 1530 1770 1574 forsan?

501 1598 756 1656 Tychojam
779 1601 829 1638 de
851 1599 1161 1638 incertitudine
1179 1596 1499 1638 azimuthorum
1522 1598 1773 1651 conquestus

508 1667 578 1707 est.
645 1664 859 1706 Hodierni
893 1675 1063 1716 quoque
1103 1661 1192 1702 fere
1225 1672 1376 1701 omnes
1409 1662 1649 1701 astronomi
1684 1662 1769 1700 azi-

506 1729 760 1771 muthorum
781 1728 896 1766 nsum
911 1738 1163 1779 quocunque
1185 1724 1320 1765 modo
1343 1723 1567 1777 effugiunt,
1593 1723 1770 1774 conscii,

510 1795 700 1847 opinor,
743 1789 1044 1830 difficultatum
1066 1790 1209 1840 quibus
1230 1788 1421 1827 obnoxia
1442 1788 1496 1827 est
1516 1800 1669 1827 eorum
1694 1787 1770 1826 ob»

510 1857 711 1898 servatio.
781 1854 855 1894 Me
879 1852 996 1905 quod
1026 1854 1214 1901 attinet,
1253 1851 1429 1898 fateor,
1480 1849 1641 1889 nullum
1672 1850 1773 1889 dum

510 1922 572 1961 rei
591 1918 942 1970 experimentum
963 1916 1083 1966 cepi3
1126 1926 1166 1954 at
1188 1927 1279 1954 rem
1311 1914 1608 1966 perpendens,
1651 1913 1772 1953 inve-

512 1982 615 2024 niss'e
638 1995 706 2020 me
730 1989 838 2032 puto
862 1980 1039 2018 modum
1062 1990 1150 2017 non
1168 1989 1322 2024 unum,
1363 1976 1502 2027 queis,
1544 1976 1617 2016 nifi
1645 1976 1773 2015 fallor

512 2043 831 2086 azimuthorum
854 2042 1099 2082 observatio
1112 2052 1242 2092 aeque
1263 2038 1394 2077 facilis
1413 2048 1455 2078 et
1476 2050 1609 2089 certa,
1624 2039 1773 2079 saltem

515 2122 600 2163 pro
620 2108 688 2149 usu
707 2106 942 2161 praesentis
960 2103 1264 2161 problematis,
1288 2103 1448 2155 evadit,
1471 2116 1517 2144 ac
1538 2102 1773 2145 observati-

1665 2175 1771 2204 ones
