1976 2605
198 171 480 229 METALL.
509 167 727 235 ATQUE
749 168 1006 219 VITROR.
1035 167 1348 218 MOMENT.
1389 192 1476 231 225

327 291 366 339 §-
406 303 486 346 35.
552 293 590 332 E
617 292 779 334 lamina
815 304 977 347 cuprea
1015 292 1289 336 elaboratum
1320 292 1379 333 est
1406 293 1481 333 he-

196 359 515 412 misphaerium
544 355 657 396 intus
680 368 833 398 cauum
866 358 955 410 Fig.
980 372 1023 410 3.
1048 358 1121 408 M,
1163 370 1220 401 ex
1245 358 1362 398 cuius
1389 356 1482 398 fun-

196 423 256 465 do
288 424 327 465 A
356 420 564 474 prodibat
599 420 767 456 tubulus
793 421 827 456 D
858 423 1075 469 ,ισῑιιὸιιη
1104 423 1148 455 in
1179 422 1231 458 C.
1307 421 1484 464 Deinde

195 500 253 530 ex
274 485 472 538 margine
493 481 716 535 superiore
745 478 1062 532 hemisphaerii
1088 479 1184 519 caui
1208 478 1252 520 D
1281 482 1484 539 exsurge.

192 553 265 593 bat
286 551 391 593 alius
410 545 575 590 tubulus
590 543 643 594 E,
658 544 860 585 deorsum
878 541 1065 584 inflexus
1085 552 1129 583 et
1153 542 1313 584 iterum
1335 546 1481 590 ascen-

193 618 301 658 dens
334 615 388 656 ad
422 609 703 655 altitudinem
741 608 901 663 prioris
929 607 1033 648 tubi.
1103 605 1293 661 Vtrique
1329 611 1479 656 tubulo

192 691 362 735 cupreo
392 674 690 719 inserebantur
719 672 857 716 tubuli
888 673 1022 716 vitrei
1051 672 1082 715 F
1114 683 1158 715 et
1188 670 1230 717 G
1259 683 1303 715 et
1327 673 1480 719 insti-u-

190 754 395 788 mentum
422 750 517 784 erat
549 738 816 782 confestum.

318 804 358 852 §.
399 810 478 860 36.
547 804 749 859 Repleto
777 802 1176 846 hocinstrumento
1196 815 1303 860 aqua
1324 802 1484 858 frigida

189 874 338 927 (quod
358 871 603 912 commode
622 869 718 911 ficri
741 880 922 924 poterat
943 870 1234 911 immittendo
1260 868 1480 910 orificium

174 936 323 996 ,tubuli
349 935 430 980 GE
450 936 493 977 in
516 947 694 990 aquam,
728 945 770 977 et
791 934 977 976 alterum
1001 933 1194 976 tubulum
1216 933 1292 978 BC
1317 947 1396 975 ore
1415 932 1479 976 su-

185 1003 334 1058 gendo
361 1006 378 1053 )
403 1001 626 1054 sequentia
653 999 880 1040 obseruata
907 1000 1001 1040 sunt
1031 998 1355 1052 phaenomena.

320 1060 356 1109 §.
409 1077 488 1116 37.
565 1063 732 1104 Totam
769 1062 1019 1104 machinam
1056 1061 1216 1102 immisi
1247 1062 1289 1101 in
1320 1073 1476 1114 aquam

185 1129 434 1170 seruentem
455 1138 585 1180 vsque
604 1126 695 1167 fere
714 1126 766 1166 ad
786 1127 983 1175 tubulos,
1022 1135 1066 1167 et
1090 1124 1310 1166 descendit
1330 1123 1477 1178 liquor

186 1205 319 1246 acque
354 1205 402 1234 ac
430 1193 476 1232 in
504 1191 727 1244 prioribus
751 1190 909 1245 phialis
938 1202 1067 1232 more
1100 1189 1262 1241 solito,
1314 1189 1474 1231 deinde

185 1258 347 1297 iterum
367 1256 572 1296 ascendit.

318 1331 358 1356 2.
426 1316 603 1358 Deinde
631 1316 815 1369 frigidae
840 1315 1009 1368 glaciali
1035 1317 1223 1370 imposui
1248 1315 1498 1376 machinw‘

186 1381 298 1431 lam,
339 1390 383 1420 et
405 1380 621 1429 ascendit,
663 1379 730 1421 sed
755 1380 849 1432 post
873 1379 1023 1420 saltum
1046 1381 1203 1421 iterum
1223 1381 1376 1421 coiuit.

315 1458 357 1496 3.
428 1443 622 1483 Vlterius
662 1442 818 1482 immisi
855 1443 1191 1483 instrumentum
1232 1445 1275 1483 in
1314 1456 1466 1496 aquam

187 1508 430 1550 sementem
449 1518 579 1561 vsque
600 1505 652 1546 ad
670 1504 786 1545 labra
804 1505 1075 1559 cauit21tisg,
1106 1517 1149 1546 et
1173 1506 1392 1548 descendit
1412 1508 1463 1549 li·

181 1586 293 1628 quor
313 1573 353 1613 in
379 1570 647 1619 canaliculis,
692 1569 841 1622 postea
871 1570 1027 1610 ite-rum
1058 1570 1264 1612 ascendit.

309 1652 353 1688 4.
423 1635 744 1688 Refrigeratam
768 1634 1013 1674 machinam
1035 1637 1078 1675 in
1099 1635 1346 1676 (eruentem
1378 1637 1460 1676 ite-

182 1713 275 1741 rum
296 1698 480 1750 immisi,
516 1701 576 1740 ita
596 1709 745 1740 tamen
767 1710 812 1738 vt
834 1698 1044 1752 labrumg
1066 1712 1155 1740 non
1181 1704 1456 1751 transgrede—

183 1776 301 1804 retur
330 1776 458 1816 aqua,
509 1775 551 1804 et
577 1765 809 1803 cauit-item
836 1763 1105 1816 superiorem
1137 1765 1205 1812 M,
1249 1776 1351 1816 aqua
1380 1775 1456 1816 ge-

183 1827 266 1868 lida
304 1826 440 1878 glacie
477 1829 614 1869 mixta
650 1827 844 1881 repleui,
888 1839 931 1867 ct
965 1839 1113 1868 tamen
1153 1827 1372 1868 descendit
1403 1827 1454 1867 li-

178 1904 289 1946 quor
318 1902 417 1930 ante
447 1890 781 1943 dilatationem,
822 1892 961 1945 glacie
996 1904 1239 1946 quanquam
1266 1893 1310 1932 in
1341 1893 1453 1932 caui-

180 1968 272 1996 titc
298 1955 488 1995 noudum
511 1956 711 1996 resoluta.

310 2032 347 2068 5.
417 2021 565 2073 Aquae
594 2019 775 2073 frigidae
801 2019 987 2073 imposui
1017 2019 1291 2070 machinam,
1333 2030 1376 2058 et
1405 2019 1448 2060 in

178 2097 232 2122 co
272 2094 509 2124 momento
550 2084 795 2125 feruentcm
834 2085 874 2123 in
912 2084 983 2133 M,
1029 2083 1189 2133 infudi,
1240 2083 1445 2137 simulque

176 2147 347 2189 frustum
368 2147 469 2188 ferri
487 2149 709 2191 candentis
728 2149 771 2190 in
794 2148 1037 2190 struentem
1058 2162 1210 2204 aquam
1233 2149 1361 2190 inieci
1391 2148 1443 2189 ad

244 2209 351 2251 Tm
376 2210 461 2252 IV.
778 2212 843 2253 Ff
1333 2224 1437 2250 con-

1512 334 1581 372 fig.

1603 345 1632 372 3.
