1976 2605
534 175 628 216 230
667 152 974 208 CONFIRM.
1001 152 1300 202 DILATAT.
1328 155 1543 219 ATQUE
1570 156 1796 206 CONTR.'

528 282 684 324 lefad'to
712 281 910 334 reposui,
952 277 1137 317 alterum
1174 287 1252 327 per
1285 289 1340 316 12
1373 276 1501 316 horas
1526 279 1794 332 frigidiffirno

528 349 617 386 aeri
645 357 851 395 tempore
881 340 1071 394 hyemali
1099 339 1303 391 exposui,
1346 351 1388 379 et
1412 341 1629 383 obferuaui
1654 357 1794 385 vtrum

525 421 705 461 vti-aque
733 407 1013 446 instrumenta
1041 405 1358 444 monotonium
1387 414 1429 444 et
1462 405 1795 447 consonantium

525 471 606 511 sint
635 469 938 511 conseruatura
967 480 1043 506 nec
1072 480 1141 507 ne.

593 612 632 639 1.

579 1558 623 1596 (t)

654 530 690 577 §.
735 545 810 582 52.
877 532 1197 584 Experimenta
1217 531 1359 583 itaque
1379 529 1461 570 feci
1484 531 1718 584 sequentia:

703 597 913 649 Cognoui
942 595 1058 649 quod
1081 606 1209 634 tonus
1232 595 1494 635 chordarum
1515 595 1625 636 illius
1642 598 1792 637 instru-

654 662 797 700 menti
823 661 940 714 quod
965 662 1006 699 in
1027 658 1190 710 frigore
1216 658 1483 699 collocatum
1506 670 1596 698 erat
1617 663 1796 712 grauior

650 723 780 765 fastus
809 723 969 773 fuerat,
1011 735 1135 776 quam
1165 722 1278 762 istius
1307 724 1424 775 quod
1457 725 1550 774 post
1570 723 1794 763 fornacem

650 788 695 826 in
722 787 868 827 calore
898 787 1217 840 permanserat,
1259 796 1302 825 et
1330 798 1459 825 vnum
1493 787 1541 825 ab
1565 787 1706 826 altero
1728 787 1793 826 vl—

653 859 720 891 tra
752 864 879 891 vnum
917 851 1083 891 clunem
1117 849 1315 888 musicam
1347 848 1563 898 differret,
1601 851 1659 889 ita
1688 861 1733 890 vt
1763 849 1792 889 fi

650 914 762 952 illius
792 913 983 952 chordae
1017 915 1133 963 quod
1164 914 1204 951 in
1231 912 1393 963 frigore
1416 911 1608 952 haeierat
1628 924 1647 950 c
1669 913 1792 951 sona-

648 984 772 1021 rent,
815 974 990 1012 alteri'us
1018 975 1062 1011 in
1094 974 1242 1010 calore
1273 975 1440 1011 detenti
1470 976 1497 1013 d
1523 976 1789 1024 audirentur,

651 1049 747 1076 cum
783 1044 932 1075 tamen
963 1046 1192 1087 vtrumque
1225 1046 1323 1075 ante
1362 1035 1681 1087 lep-arationem
1719 1047 1791 1080 to.-

652 1113 751 1139 num
780 1097 808 1137 d
834 1099 1031 1137 ederent.

697 1163 988 1203 Instrumenta
1025 1159 1293 1200 commutaui
1324 1168 1367 1199 et
1397 1160 1512 1213 quod
1552 1160 1593 1199 in
1626 1159 1789 1211 frigore

649 1226 784 1266 fuerat
809 1227 849 1264 in
872 1227 1018 1265 calore
1042 1225 1208 1273 reliqui,
1225 1234 1266 1261 et
1289 1226 1403 1274 quod
1427 1226 1468 1261 in
1493 1222 1638 1260 calore
1663 1224 1795 1261 stete-'

647 1301 740 1340 rat,
782 1289 937 1341 frigori
955 1287 1157 1338 exposui,
1184 1296 1284 1323 tunc
1307 1287 1467 1322 eodem
1491 1286 1628 1322 modo
1644 1279 1789 1336 frigus

649 1360 778 1393 tonum
799 1353 1065 1402 remzffiorem,
1087 1347 1196 1388 calor
1215 1350 1432 1387 acutiorem
1461 1347 1663 1386 reddidit.
1731 1348 1790 1387 Et

651 1416 758 1456 haec
780 1416 1085 1465 experimenta
1107 1410 1269 1459 saepius
1290 1421 1447 1449 iterata
1471 1410 1655 1449 eundem
1678 1409 1798 1449 sem--⁴

652 1491 731 1531 per
761 1477 961 1517 effectum
994 1474 1247 1513 habuerunt.

678 1541 1015 1582 Instrumentum
1035 1536 1151 1590 qnod
1166 1537 1208 1574 in
1227 1533 1391 1586 frigore
1410 1534 1546 1573 fuerat
1565 1544 1608 1575 et
1631 1544 1788 1575 tonum

651 1600 939 1645 remiffiorem
972 1602 1139 1640 naetum
1171 1608 1286 1646 erat,
1329 1604 1378 1637 ad
1417 1598 1599 1637 alterum
1637 1598 1798 1640 instru-,

652 1678 851 1707 mentum
866 1665 959 1718 post
978 1660 1385 1713 fornacemreposui
1406 1674 1449 1700 et
1473 1663 1567 1712 post
1585 1675 1602 1699 1
1618 1675 1639 1699 2
1656 1660 1785 1700 hora-

653 1744 747 1771 rum
768 1730 947 1783 spatium
968 1736 1197 1778 Vtrumque
1220 1734 1310 1764 erat
1339 1724 1576 1764 consonum
1592 1750 1603 1772 ,
1635 1733 1785 1763 tonus-

653 1806 734 1848 que
760 1795 801 1833 in
824 1792 988 1844 frigore
1012 1789 1225 1842 depressus
1245 1789 1356 1828 vires
1376 1789 1533 1828 iterum
1556 1788 1784 1839 receperat

654 1868 698 1897 et
721 1857 933 1897 exaltatus
954 1859 996 1895 in
1018 1854 1163 1894 calore
1187 1852 1329 1905 priori
1349 1852 1388 1891 se
1410 1851 1720 1891 conformnuit.

701 1920 806 1961 Tale
825 1920 922 1972 quid
944 1919 1080 1958 etiam'
1097 1916 1396 1956 obieruabatur
1414 1915 1583 1968 quando
1606 1924 1785 1966 Vtraque

652 1984 934 2023 instrumenta
966 1983 1034 2022 vel
1062 1979 1211 2032 frigori
1244 1979 1315 2019 vel
1342 1977 1475 2018 calori
1504 1976 1623 2018 simul
1659 1989 1790 2016 com--

656 2047 964 2095 mittebantur,
1005 2055 1104 2084 tunc
1126 2044 1342 2096 vtriusque
1363 2052 1492 2084 tonus
1518 2040 1590 2084 vel
1609 2041 1785 2094 grauior

653 2109 725 2150 vel
746 2112 914 2152 acutior
951 2108 1223 2151 reddebatur.
1717 2139 1719 2141 .
1779 2143 1782 2147 ,

1596 2179 1638 2220 5.
1676 2166 1784 2207 Por—v
