<?xml version="1.0" encoding="UTF-8"?>
<!DOCTYPE html PUBLIC "-//W3C//DTD XHTML 1.0 Transitional//EN"
    "http://www.w3.org/TR/xhtml1/DTD/xhtml1-transitional.dtd">
<html xmlns="http://www.w3.org/1999/xhtml" xml:lang="en" lang="en">
 <head>
  <title>
</title>
<meta http-equiv="Content-Type" content="text/html;charset=utf-8" />
  <meta name='ocr-system' content='tesseract 3.04.00' />
  <meta name='ocr-capabilities' content='ocr_page ocr_carea ocr_par ocr_line ocrx_word'/>
</head>
<body>
  <div class='ocr_page' id='page_1' title='image "./commentariiacade04impe/commentariiacade04impe_0287.png"; bbox 0 0 1976 2605; ppageno 0'>
   <div class='ocr_carea' id='block_1_1' title="bbox 178 171 1408 237">
    <p class='ocr_par' dir='ltr' id='par_1_1' title="bbox 178 171 1408 237">
     <span class='ocr_line' id='line_1_1' title="bbox 178 171 1408 237; baseline 0.002 -17"><span class='ocrx_word' id='word_1_1' title='bbox 178 213 184 220; x_wconf 90' lang='lat'>.</span> <span class='ocrx_word' id='word_1_2' title='bbox 210 173 474 228; x_wconf 15' lang='lat' dir='ltr'>Ani-REM</span> <span class='ocrx_word' id='word_1_3' title='bbox 496 171 858 222; x_wconf 72' lang='lat' dir='ltr'><strong><em>SCLOPETAR.</em></strong></span> <span class='ocrx_word' id='word_1_4' title='bbox 895 171 1281 222; x_wconf 81' lang='lat' dir='ltr'><strong><em>PERTINENT.</em></strong></span> <span class='ocrx_word' id='word_1_5' title='bbox 1317 195 1408 237; x_wconf 68' lang='lat'>273</span> 
     </span>
    </p>
   </div>
   <div class='ocr_carea' id='block_1_2' title="bbox 150 293 1420 800">
    <p class='ocr_par' dir='ltr' id='par_1_2' title="bbox 150 293 1420 800">
     <span class='ocr_line' id='line_1_2' title="bbox 265 293 1415 351; baseline -0.001 -10"><span class='ocrx_word' id='word_1_6' title='bbox 265 298 410 350; x_wconf 79' lang='lat'><em>§.-27.</em></span> <span class='ocrx_word' id='word_1_7' title='bbox 479 297 572 339; x_wconf 87' lang='lat' dir='ltr'>Fiat</span> <span class='ocrx_word' id='word_1_8' title='bbox 591 296 635 335; x_wconf 87' lang='lat' dir='ltr'>in</span> <span class='ocrx_word' id='word_1_9' title='bbox 658 296 762 336; x_wconf 91' lang='lat' dir='ltr'>tubo</span> <span class='ocrx_word' id='word_1_10' title='bbox 785 293 823 336; x_wconf 83' lang='lat' dir='ltr'><em>A</em></span> <span class='ocrx_word' id='word_1_11' title='bbox 845 295 1046 337; x_wconf 87' lang='lat' dir='ltr'>foramen</span> <span class='ocrx_word' id='word_1_12' title='bbox 1063 308 1092 336; x_wconf 83' lang='lat' dir='ltr'>a</span> <span class='ocrx_word' id='word_1_13' title='bbox 1108 324 1119 346; x_wconf 89' lang='lat'>,</span> <span class='ocrx_word' id='word_1_14' title='bbox 1140 299 1332 351; x_wconf 79' lang='lat' dir='ltr'>vsquead</span> <span class='ocrx_word' id='word_1_15' title='bbox 1346 312 1415 340; x_wconf 87' lang='lat' dir='ltr'>ca·</span> 
     </span>
     <span class='ocr_line' id='line_1_3' title="bbox 150 360 1416 414; baseline -0.002 -6"><span class='ocrx_word' id='word_1_16' title='bbox 150 366 331 408; x_wconf 78' lang='lat' dir='ltr'>uitatem</span> <span class='ocrx_word' id='word_1_17' title='bbox 363 363 476 411; x_wconf 90' lang='lat' dir='ltr'>tubi,</span> <span class='ocrx_word' id='word_1_18' title='bbox 498 360 836 414; x_wconf 88' lang='lat' dir='ltr'>amplitudinem</span> <span class='ocrx_word' id='word_1_19' title='bbox 863 373 1030 413; x_wconf 70' lang='lat' dir='ltr'>pennae</span> <span class='ocrx_word' id='word_1_20' title='bbox 1051 363 1271 404; x_wconf 78' lang='lat' dir='ltr'>amerinae</span> <span class='ocrx_word' id='word_1_21' title='bbox 1285 377 1416 406; x_wconf 84' lang='lat' dir='ltr'>exae-</span> 
     </span>
     <span class='ocr_line' id='line_1_4' title="bbox 152 423 1417 480; baseline -0.002 -9"><span class='ocrx_word' id='word_1_22' title='bbox 152 430 320 480; x_wconf 57' lang='lat' dir='ltr'>bnans,</span> <span class='ocrx_word' id='word_1_23' title='bbox 374 427 588 468; x_wconf 79' lang='lat' dir='ltr'>incidatur</span> <span class='ocrx_word' id='word_1_24' title='bbox 631 426 670 464; x_wconf 87' lang='lat' dir='ltr'>ei</span> <span class='ocrx_word' id='word_1_25' title='bbox 713 423 897 465; x_wconf 79' lang='lat' dir='ltr'>cochlea</span> <span class='ocrx_word' id='word_1_26' title='bbox 940 425 1148 465; x_wconf 86' lang='lat' dir='ltr'>foemina.</span> <span class='ocrx_word' id='word_1_27' title='bbox 1236 429 1417 469; x_wconf 88' lang='lat' dir='ltr'>Paretur</span> 
     </span>
     <span class='ocr_line' id='line_1_5' title="bbox 153 488 1418 534; baseline -0.001 0"><span class='ocrx_word' id='word_1_28' title='bbox 153 494 205 534; x_wconf 66' lang='lat' dir='ltr'>ad</span> <span class='ocrx_word' id='word_1_29' title='bbox 239 506 336 534; x_wconf 79' lang='lat' dir='ltr'>cam</span> <span class='ocrx_word' id='word_1_30' title='bbox 368 489 557 533; x_wconf 72' lang='lat' dir='ltr'>cochlea·</span> <span class='ocrx_word' id='word_1_31' title='bbox 586 501 676 530; x_wconf 86' lang='lat' dir='ltr'>mas</span> <span class='ocrx_word' id='word_1_32' title='bbox 701 501 759 530; x_wconf 86' lang='lat' dir='ltr'>cx</span> <span class='ocrx_word' id='word_1_33' title='bbox 783 488 1034 528; x_wconf 75' lang='lat' dir='ltr'>oreclmlco.</span> <span class='ocrx_word' id='word_1_34' title='bbox 1104 489 1304 532; x_wconf 82' lang='lat' dir='ltr'>Cochlca</span> <span class='ocrx_word' id='word_1_35' title='bbox 1344 492 1418 534; x_wconf 86' lang='lat' dir='ltr'>illa</span> 
     </span>
     <span class='ocr_line' id='line_1_6' title="bbox 152 552 1416 608; baseline -0.002 -11"><span class='ocrx_word' id='word_1_36' title='bbox 152 570 244 598; x_wconf 87' lang='lat' dir='ltr'>mas</span> <span class='ocrx_word' id='word_1_37' title='bbox 269 558 314 608; x_wconf 82' lang='lat' dir='ltr'>d,</span> <span class='ocrx_word' id='word_1_38' title='bbox 353 558 395 596; x_wconf 87' lang='lat' dir='ltr'>in</span> <span class='ocrx_word' id='word_1_39' title='bbox 426 554 572 596; x_wconf 85' lang='lat' dir='ltr'>medio</span> <span class='ocrx_word' id='word_1_40' title='bbox 599 564 766 603; x_wconf 80' lang='lat' dir='ltr'>axeos,</span> <span class='ocrx_word' id='word_1_41' title='bbox 805 552 1024 592; x_wconf 73' lang='lat' dir='ltr'>foramine</span> <span class='ocrx_word' id='word_1_42' title='bbox 1064 555 1225 605; x_wconf 85' lang='lat' dir='ltr'>exiguo</span> <span class='ocrx_word' id='word_1_43' title='bbox 1265 556 1416 607; x_wconf 85' lang='lat' dir='ltr'>perfo—</span> 
     </span>
     <span class='ocr_line' id='line_1_7' title="bbox 153 617 1416 672; baseline -0.001 -12"><span class='ocrx_word' id='word_1_44' title='bbox 153 631 289 662; x_wconf 83' lang='lat' dir='ltr'>retur.</span> <span class='ocrx_word' id='word_1_45' title='bbox 355 620 451 662; x_wconf 79' lang='lat' dir='ltr'>Hoc</span> <span class='ocrx_word' id='word_1_46' title='bbox 479 630 535 660; x_wconf 86' lang='lat' dir='ltr'>ex</span> <span class='ocrx_word' id='word_1_47' title='bbox 558 629 607 658; x_wconf 89' lang='lat' dir='ltr'>ea</span> <span class='ocrx_word' id='word_1_48' title='bbox 638 627 795 672; x_wconf 83' lang='lat' dir='ltr'>parte,</span> <span class='ocrx_word' id='word_1_49' title='bbox 836 628 918 670; x_wconf 83' lang='lat' dir='ltr'>qua</span> <span class='ocrx_word' id='word_1_50' title='bbox 954 617 1068 657; x_wconf 86' lang='lat' dir='ltr'>intus</span> <span class='ocrx_word' id='word_1_51' title='bbox 1098 617 1259 670; x_wconf 66' lang='lat' dir='ltr'>spectat</span> <span class='ocrx_word' id='word_1_52' title='bbox 1289 646 1301 669; x_wconf 89' lang='lat'>‚</span> <span class='ocrx_word' id='word_1_53' title='bbox 1338 631 1416 659; x_wconf 89' lang='lat' dir='ltr'>co-</span> 
     </span>
     <span class='ocr_line' id='line_1_8' title="bbox 153 680 1418 738; baseline -0.001 -14"><span class='ocrx_word' id='word_1_54' title='bbox 153 685 249 725; x_wconf 89' lang='lat' dir='ltr'>nice</span> <span class='ocrx_word' id='word_1_55' title='bbox 269 685 515 738; x_wconf 79' lang='lat' dir='ltr'>amplietur.</span> <span class='ocrx_word' id='word_1_56' title='bbox 537 681 685 724; x_wconf 87' lang='lat' dir='ltr'>Postea</span> <span class='ocrx_word' id='word_1_57' title='bbox 721 681 932 722; x_wconf 83' lang='lat' dir='ltr'>cochleae</span> <span class='ocrx_word' id='word_1_58' title='bbox 957 680 1181 722; x_wconf 76' lang='lat' dir='ltr'>foeminae</span> <span class='ocrx_word' id='word_1_59' title='bbox 1218 682 1331 732; x_wconf 81' lang='lat' dir='ltr'>tubi,</span> <span class='ocrx_word' id='word_1_60' title='bbox 1374 684 1418 724; x_wconf 87' lang='lat' dir='ltr'>in</span> 
     </span>
     <span class='ocr_line' id='line_1_9' title="bbox 151 746 1420 800; baseline 0 -13"><span class='ocrx_word' id='word_1_61' title='bbox 151 750 350 800; x_wconf 81' lang='lat' dir='ltr'>margine</span> <span class='ocrx_word' id='word_1_62' title='bbox 376 749 604 789; x_wconf 75' lang='lat' dir='ltr'>exteriore</span> <span class='ocrx_word' id='word_1_63' title='bbox 626 773 638 796; x_wconf 88' lang='lat'>‚</span> <span class='ocrx_word' id='word_1_64' title='bbox 681 746 926 787; x_wconf 77' lang='lat' dir='ltr'>incidantur</span> <span class='ocrx_word' id='word_1_65' title='bbox 951 746 1090 786; x_wconf 81' lang='lat' dir='ltr'>rimae</span> <span class='ocrx_word' id='word_1_66' title='bbox 1112 759 1137 786; x_wconf 85' lang='lat' dir='ltr'>a</span> <span class='ocrx_word' id='word_1_67' title='bbox 1161 746 1211 790; x_wconf 78' lang='lat' dir='ltr'>ad</span> <span class='ocrx_word' id='word_1_68' title='bbox 1233 747 1420 788; x_wconf 90' lang='lat' dir='ltr'>modum</span> 
     </span>
    </p>
   </div>
   <div class='ocr_carea' id='block_1_3' title="bbox 151 808 1429 864">
    <p class='ocr_par' dir='ltr' id='par_1_3' title="bbox 151 808 1429 864">
     <span class='ocr_line' id='line_1_10' title="bbox 151 808 1429 864; baseline 0 -13"><span class='ocrx_word' id='word_1_69' title='bbox 151 810 308 852; x_wconf 78' lang='lat' dir='ltr'>stellae.</span> <span class='ocrx_word' id='word_1_70' title='bbox 379 811 573 854; x_wconf 85' lang='lat' dir='ltr'>Cochlea</span> <span class='ocrx_word' id='word_1_71' title='bbox 610 822 700 851; x_wconf 88' lang='lat' dir='ltr'>mas</span> <span class='ocrx_word' id='word_1_72' title='bbox 731 808 759 849; x_wconf 86' lang='lat' dir='ltr'>d</span> <span class='ocrx_word' id='word_1_73' title='bbox 791 811 1050 864; x_wconf 85' lang='lat' dir='ltr'>imponatur</span> <span class='ocrx_word' id='word_1_74' title='bbox 1085 811 1129 851; x_wconf 87' lang='lat' dir='ltr'>in</span> <span class='ocrx_word' id='word_1_75' title='bbox 1166 810 1276 850; x_wconf 88' lang='lat' dir='ltr'>hanc</span> <span class='ocrx_word' id='word_1_76' title='bbox 1301 812 1429 852; x_wconf 84' lang='lat' dir='ltr'>suam·</span> 
     </span>
    </p>
   </div>
   <div class='ocr_carea' id='block_1_4' title="bbox 151 873 1420 929">
    <p class='ocr_par' dir='ltr' id='par_1_4' title="bbox 151 873 1420 929">
     <span class='ocr_line' id='line_1_11' title="bbox 151 873 1420 929; baseline 0 -15"><span class='ocrx_word' id='word_1_77' title='bbox 151 873 389 917; x_wconf 84' lang='lat' dir='ltr'>foeminam</span> <span class='ocrx_word' id='word_1_78' title='bbox 416 887 443 916; x_wconf 80' lang='lat' dir='ltr'>a</span> <span class='ocrx_word' id='word_1_79' title='bbox 466 884 514 916; x_wconf 83' lang='lat' dir='ltr'>vt</span> <span class='ocrx_word' id='word_1_80' title='bbox 545 876 813 928; x_wconf 86' lang='lat' dir='ltr'>aliquantum</span> <span class='ocrx_word' id='word_1_81' title='bbox 852 876 1136 929; x_wconf 79' lang='lat' dir='ltr'>promineat,</span> <span class='ocrx_word' id='word_1_82' title='bbox 1178 885 1223 916; x_wconf 89' lang='lat' dir='ltr'>et</span> <span class='ocrx_word' id='word_1_83' title='bbox 1270 874 1420 915; x_wconf 86' lang='lat' dir='ltr'>mallei</span> 
     </span>
    </p>
   </div>
   <div class='ocr_carea' id='block_1_5' title="bbox 144 938 1433 1054">
    <p class='ocr_par' dir='ltr' id='par_1_5' title="bbox 144 938 1433 1054">
     <span class='ocr_line' id='line_1_12' title="bbox 144 938 1431 992; baseline -0.002 -13"><span class='ocrx_word' id='word_1_84' title='bbox 144 938 292 980; x_wconf 63' lang='lat' dir='ltr'>ictibus</span> <span class='ocrx_word' id='word_1_85' title='bbox 321 939 573 991; x_wconf 83' lang='lat' dir='ltr'>diducatur,</span> <span class='ocrx_word' id='word_1_86' title='bbox 613 952 711 992; x_wconf 84' lang='lat' dir='ltr'>pars</span> <span class='ocrx_word' id='word_1_87' title='bbox 748 940 1035 992; x_wconf 86' lang='lat' dir='ltr'>prominens,</span> <span class='ocrx_word' id='word_1_88' title='bbox 1073 949 1122 979; x_wconf 77' lang='lat' dir='ltr'>vt</span> <span class='ocrx_word' id='word_1_89' title='bbox 1159 940 1199 978; x_wconf 89' lang='lat' dir='ltr'>se</span> <span class='ocrx_word' id='word_1_90' title='bbox 1232 939 1431 980; x_wconf 72' lang='lat' dir='ltr'>insinuet.</span> 
     </span>
     <span class='ocr_line' id='line_1_13' title="bbox 145 1000 1433 1054; baseline -0.001 -12"><span class='ocrx_word' id='word_1_91' title='bbox 145 1001 345 1044; x_wconf 58' lang='lat' dir='ltr'>intimas</span> <span class='ocrx_word' id='word_1_92' title='bbox 373 1003 532 1042; x_wconf 86' lang='lat' dir='ltr'>stellae.</span> <span class='ocrx_word' id='word_1_93' title='bbox 599 1003 796 1044; x_wconf 84' lang='lat' dir='ltr'>Tandem</span> <span class='ocrx_word' id='word_1_94' title='bbox 827 1003 878 1042; x_wconf 89' lang='lat' dir='ltr'>ad</span> <span class='ocrx_word' id='word_1_95' title='bbox 910 1001 1140 1054; x_wconf 71' lang='lat' dir='ltr'>planitiem</span> <span class='ocrx_word' id='word_1_96' title='bbox 1171 1000 1262 1042; x_wconf 85' lang='lat' dir='ltr'>tubi</span> <span class='ocrx_word' id='word_1_97' title='bbox 1289 1003 1433 1043; x_wconf 60' lang='lat' dir='ltr'>exte-z</span> 
     </span>
    </p>
   </div>
   <div class='ocr_carea' id='block_1_6' title="bbox 143 1063 1418 1181">
    <p class='ocr_par' dir='ltr' id='par_1_6' title="bbox 143 1063 1418 1181">
     <span class='ocr_line' id='line_1_14' title="bbox 146 1063 1418 1115; baseline -0.002 -8"><span class='ocrx_word' id='word_1_98' title='bbox 146 1066 313 1107; x_wconf 80' lang='lat' dir='ltr'>rim-em</span> <span class='ocrx_word' id='word_1_99' title='bbox 339 1067 445 1107; x_wconf 89' lang='lat' dir='ltr'>lima</span> <span class='ocrx_word' id='word_1_100' title='bbox 473 1063 700 1104; x_wconf 78' lang='lat' dir='ltr'>abradatur</span> <span class='ocrx_word' id='word_1_101' title='bbox 726 1064 986 1115; x_wconf 85' lang='lat' dir='ltr'>superfluum</span> <span class='ocrx_word' id='word_1_102' title='bbox 1007 1089 1020 1112; x_wconf 90' lang='lat'>,</span> <span class='ocrx_word' id='word_1_103' title='bbox 1062 1073 1106 1102; x_wconf 84' lang='lat' dir='ltr'>et</span> <span class='ocrx_word' id='word_1_104' title='bbox 1125 1064 1321 1104; x_wconf 84' lang='lat' dir='ltr'>exterius</span> <span class='ocrx_word' id='word_1_105' title='bbox 1340 1065 1418 1105; x_wconf 89' lang='lat' dir='ltr'>ali-</span> 
     </span>
     <span class='ocr_line' id='line_1_15' title="bbox 143 1125 1418 1181; baseline 0.002 -15"><span class='ocrx_word' id='word_1_106' title='bbox 143 1129 394 1179; x_wconf 77' lang='lat' dir='ltr'>quantulum</span> <span class='ocrx_word' id='word_1_107' title='bbox 412 1135 648 1167; x_wconf 84' lang='lat' dir='ltr'>excauetur</span> <span class='ocrx_word' id='word_1_108' title='bbox 668 1125 869 1167; x_wconf 80' lang='lat' dir='ltr'>foramen</span> <span class='ocrx_word' id='word_1_109' title='bbox 883 1154 895 1177; x_wconf 89' lang='lat'>‚</span> <span class='ocrx_word' id='word_1_110' title='bbox 935 1138 1062 1169; x_wconf 73' lang='lat' dir='ltr'>vc-eo</span> <span class='ocrx_word' id='word_1_111' title='bbox 1084 1126 1248 1168; x_wconf 80' lang='lat' dir='ltr'>facilius</span> <span class='ocrx_word' id='word_1_112' title='bbox 1265 1128 1418 1181; x_wconf 85' lang='lat' dir='ltr'>ignem</span> 
     </span>
    </p>
   </div>
   <div class='ocr_carea' id='block_1_7' title="bbox 143 1190 1430 1245">
    <p class='ocr_par' dir='ltr' id='par_1_7' title="bbox 143 1190 1430 1245">
     <span class='ocr_line' id='line_1_16' title="bbox 143 1190 1430 1245; baseline 0.001 -14"><span class='ocrx_word' id='word_1_113' title='bbox 143 1191 368 1244; x_wconf 77' lang='lat' dir='ltr'>concipiat</span> <span class='ocrx_word' id='word_1_114' title='bbox 395 1190 534 1243; x_wconf 85' lang='lat' dir='ltr'>puluis</span> <span class='ocrx_word' id='word_1_115' title='bbox 560 1191 707 1245; x_wconf 85' lang='lat' dir='ltr'>pyrius</span> <span class='ocrx_word' id='word_1_116' title='bbox 726 1217 740 1241; x_wconf 84' lang='lat'>,</span> <span class='ocrx_word' id='word_1_117' title='bbox 783 1202 828 1232; x_wconf 88' lang='lat' dir='ltr'>et</span> <span class='ocrx_word' id='word_1_118' title='bbox 853 1204 923 1232; x_wconf 83' lang='lat' dir='ltr'>res</span> <span class='ocrx_word' id='word_1_119' title='bbox 958 1192 1075 1233; x_wconf 63' lang='lat' dir='ltr'>recte</span> <span class='ocrx_word' id='word_1_120' title='bbox 1112 1192 1196 1232; x_wconf 89' lang='lat' dir='ltr'>erit</span> <span class='ocrx_word' id='word_1_121' title='bbox 1227 1194 1430 1244; x_wconf 60' lang='lat' dir='ltr'>pendia.-</span> 
     </span>
    </p>
   </div>
   <div class='ocr_carea' id='block_1_8' title="bbox 145 1249 1418 1436">
    <p class='ocr_par' dir='ltr' id='par_1_8' title="bbox 145 1249 1418 1436">
     <span class='ocr_line' id='line_1_17' title="bbox 264 1249 1417 1310; baseline 0.003 -18"><span class='ocrx_word' id='word_1_122' title='bbox 264 1249 301 1296; x_wconf 83' lang='lat'>§.</span> <span class='ocrx_word' id='word_1_123' title='bbox 345 1257 420 1293; x_wconf 86' lang='lat'>28.</span> <span class='ocrx_word' id='word_1_124' title='bbox 487 1254 684 1295; x_wconf 87' lang='lat' dir='ltr'>Tandem</span> <span class='ocrx_word' id='word_1_125' title='bbox 714 1255 927 1306; x_wconf 83' lang='lat' dir='ltr'>singulare</span> <span class='ocrx_word' id='word_1_126' title='bbox 958 1255 1190 1310; x_wconf 86' lang='lat' dir='ltr'>problema</span> <span class='ocrx_word' id='word_1_127' title='bbox 1225 1257 1417 1310; x_wconf 82' lang='lat' dir='ltr'>explica·</span> 
     </span>
     <span class='ocr_line' id='line_1_18' title="bbox 145 1315 1418 1371; baseline 0.004 -14"><span class='ocrx_word' id='word_1_128' title='bbox 145 1317 244 1357; x_wconf 86' lang='lat' dir='ltr'>bo:</span> <span class='ocrx_word' id='word_1_129' title='bbox 312 1315 413 1356; x_wconf 87' lang='lat' dir='ltr'>Scil.</span> <span class='ocrx_word' id='word_1_130' title='bbox 447 1317 669 1358; x_wconf 87' lang='lat' dir='ltr'>conficere</span> <span class='ocrx_word' id='word_1_131' title='bbox 706 1317 956 1371; x_wconf 90' lang='lat' dir='ltr'>sclopetum</span> <span class='ocrx_word' id='word_1_132' title='bbox 1012 1318 1252 1361; x_wconf 74' lang='lat' dir='ltr'>cochleatis</span> <span class='ocrx_word' id='word_1_133' title='bbox 1281 1319 1418 1362; x_wconf 84' lang='lat' dir='ltr'>-sulcis</span> 
     </span>
     <span class='ocr_line' id='line_1_19' title="bbox 147 1380 1418 1436; baseline 0.004 -15"><span class='ocrx_word' id='word_1_134' title='bbox 147 1391 239 1421; x_wconf 88' lang='lat' dir='ltr'>non</span> <span class='ocrx_word' id='word_1_135' title='bbox 270 1380 553 1433; x_wconf 88' lang='lat' dir='ltr'>praeditum,</span> <span class='ocrx_word' id='word_1_136' title='bbox 594 1381 710 1435; x_wconf 90' lang='lat' dir='ltr'>quod</span> <span class='ocrx_word' id='word_1_137' title='bbox 751 1391 900 1422; x_wconf 85' lang='lat' dir='ltr'>tamen</span> <span class='ocrx_word' id='word_1_138' title='bbox 946 1382 1170 1435; x_wconf 86' lang='lat' dir='ltr'>globulum</span> <span class='ocrx_word' id='word_1_139' title='bbox 1215 1386 1418 1436; x_wconf 83' lang='lat' dir='ltr'>gyrando</span> 
     </span>
    </p>
   </div>
   <div class='ocr_carea' id='block_1_9' title="bbox 148 1443 1429 1500">
    <p class='ocr_par' dir='ltr' id='par_1_9' title="bbox 148 1443 1429 1500">
     <span class='ocr_line' id='line_1_20' title="bbox 148 1443 1429 1500; baseline 0 -15"><span class='ocrx_word' id='word_1_140' title='bbox 148 1446 263 1485; x_wconf 86' lang='lat' dir='ltr'>circa</span> <span class='ocrx_word' id='word_1_141' title='bbox 296 1443 409 1484; x_wconf 88' lang='lat' dir='ltr'>suum</span> <span class='ocrx_word' id='word_1_142' title='bbox 445 1456 572 1484; x_wconf 82' lang='lat' dir='ltr'>axem</span> <span class='ocrx_word' id='word_1_143' title='bbox 611 1445 805 1495; x_wconf 89' lang='lat' dir='ltr'>proiicit.</span> <span class='ocrx_word' id='word_1_144' title='bbox 836 1456 883 1483; x_wconf 85' lang='lat' dir='ltr'>ac</span> <span class='ocrx_word' id='word_1_145' title='bbox 919 1445 1264 1486; x_wconf 71' lang='lat' dir='ltr'>si‘cochleatum</span> <span class='ocrx_word' id='word_1_146' title='bbox 1297 1447 1429 1500; x_wconf 82' lang='lat' dir='ltr'>effet‚.</span> 
     </span>
    </p>
   </div>
   <div class='ocr_carea' id='block_1_10' title="bbox 135 1509 1416 2270">
    <p class='ocr_par' dir='ltr' id='par_1_10' title="bbox 135 1509 1416 1755">
     <span class='ocr_line' id='line_1_21' title="bbox 135 1509 1415 1562; baseline 0.003 -14"><span class='ocrx_word' id='word_1_147' title='bbox 135 1520 246 1549; x_wconf 69' lang='lat' dir='ltr'>tum</span> <span class='ocrx_word' id='word_1_148' title='bbox 282 1517 430 1549; x_wconf 82' lang='lat' dir='ltr'>tamen</span> <span class='ocrx_word' id='word_1_149' title='bbox 470 1509 776 1562; x_wconf 87' lang='lat' dir='ltr'>perspiciendo</span> <span class='ocrx_word' id='word_1_150' title='bbox 816 1521 896 1561; x_wconf 85' lang='lat' dir='ltr'>per</span> <span class='ocrx_word' id='word_1_151' title='bbox 929 1509 1080 1550; x_wconf 88' lang='lat' dir='ltr'>tubum</span> <span class='ocrx_word' id='word_1_152' title='bbox 1122 1509 1243 1550; x_wconf 92' lang='lat' dir='ltr'>nullo</span> <span class='ocrx_word' id='word_1_153' title='bbox 1273 1513 1415 1552; x_wconf 89' lang='lat' dir='ltr'>modo</span> 
     </span>
     <span class='ocr_line' id='line_1_22' title="bbox 148 1571 1416 1626; baseline 0.003 -13"><span class='ocrx_word' id='word_1_154' title='bbox 148 1571 355 1626; x_wconf 84' lang='lat' dir='ltr'>cognosci</span> <span class='ocrx_word' id='word_1_155' title='bbox 383 1574 582 1625; x_wconf 84' lang='lat' dir='ltr'>poterit,</span> <span class='ocrx_word' id='word_1_156' title='bbox 618 1573 733 1614; x_wconf 82' lang='lat' dir='ltr'>vnde</span> <span class='ocrx_word' id='word_1_157' title='bbox 765 1573 963 1625; x_wconf 82' lang='lat' dir='ltr'>gyralem</span> <span class='ocrx_word' id='word_1_158' title='bbox 985 1574 1276 1615; x_wconf 58' lang='lat' dir='ltr'>directionem</span> <span class='ocrx_word' id='word_1_159' title='bbox 1306 1589 1416 1617; x_wconf 89' lang='lat' dir='ltr'>con-</span> 
     </span>
     <span class='ocr_line' id='line_1_23' title="bbox 149 1636 1416 1693; baseline 0.003 -16"><span class='ocrx_word' id='word_1_160' title='bbox 149 1637 278 1690; x_wconf 85' lang='lat' dir='ltr'>cipiat</span> <span class='ocrx_word' id='word_1_161' title='bbox 311 1637 520 1689; x_wconf 77' lang='lat' dir='ltr'>globulus,</span> <span class='ocrx_word' id='word_1_162' title='bbox 587 1636 694 1677; x_wconf 82' lang='lat' dir='ltr'>Tale</span> <span class='ocrx_word' id='word_1_163' title='bbox 736 1636 982 1691; x_wconf 86' lang='lat' dir='ltr'>sclopetum</span> <span class='ocrx_word' id='word_1_164' title='bbox 1034 1640 1183 1680; x_wconf 86' lang='lat' dir='ltr'>omnia</span> <span class='ocrx_word' id='word_1_165' title='bbox 1228 1641 1416 1693; x_wconf 86' lang='lat' dir='ltr'>praestat</span> 
     </span>
     <span class='ocr_line' id='line_1_24' title="bbox 149 1701 1180 1755; baseline 0.003 -15"><span class='ocrx_word' id='word_1_166' title='bbox 149 1711 253 1755; x_wconf 88' lang='lat' dir='ltr'>quae</span> <span class='ocrx_word' id='word_1_167' title='bbox 282 1712 304 1740; x_wconf 86' lang='lat' dir='ltr'>a</span> <span class='ocrx_word' id='word_1_168' title='bbox 325 1701 561 1742; x_wconf 73' lang='lat' dir='ltr'>&#39;cochleato</span> <span class='ocrx_word' id='word_1_169' title='bbox 599 1702 704 1742; x_wconf 90' lang='lat' dir='ltr'>tubo</span> <span class='ocrx_word' id='word_1_170' title='bbox 735 1703 959 1754; x_wconf 62' lang='lat' dir='ltr'>expectari</span> <span class='ocrx_word' id='word_1_171' title='bbox 988 1704 1180 1754; x_wconf 83' lang='lat' dir='ltr'>poffunt.</span> 
     </span>
    </p>

    <p class='ocr_par' dir='ltr' id='par_1_11' title="bbox 152 1758 1416 2131">
     <span class='ocr_line' id='line_1_25' title="bbox 268 1758 1414 1821; baseline 0.003 -15"><span class='ocrx_word' id='word_1_172' title='bbox 268 1758 308 1813; x_wconf 79' lang='lat'>§‚</span> <span class='ocrx_word' id='word_1_173' title='bbox 351 1777 422 1816; x_wconf 83' lang='lat'>29.</span> <span class='ocrx_word' id='word_1_174' title='bbox 492 1767 582 1807; x_wconf 88' lang='lat' dir='ltr'>Fiat</span> <span class='ocrx_word' id='word_1_175' title='bbox 609 1768 753 1821; x_wconf 86' lang='lat' dir='ltr'>itaque</span> <span class='ocrx_word' id='word_1_176' title='bbox 781 1766 884 1807; x_wconf 84' lang='lat' dir='ltr'>lima</span> <span class='ocrx_word' id='word_1_177' title='bbox 911 1765 951 1808; x_wconf 83' lang='lat' dir='ltr'><em>A</em></span> <span class='ocrx_word' id='word_1_178' title='bbox 992 1768 1080 1821; x_wconf 82' lang='lat' dir='ltr'>Fig.</span> <span class='ocrx_word' id='word_1_179' title='bbox 1122 1780 1178 1807; x_wconf 83' lang='lat'>12</span> <span class='ocrx_word' id='word_1_180' title='bbox 1213 1768 1414 1809; x_wconf 80' lang='lat' dir='ltr'>rotundi-</span> 
     </span>
     <span class='ocr_line' id='line_1_26' title="bbox 153 1827 1415 1885; baseline 0.005 -16"><span class='ocrx_word' id='word_1_181' title='bbox 153 1839 242 1870; x_wconf 87' lang='lat' dir='ltr'>tate</span> <span class='ocrx_word' id='word_1_182' title='bbox 270 1827 457 1882; x_wconf 87' lang='lat' dir='ltr'>elliptica</span> <span class='ocrx_word' id='word_1_183' title='bbox 481 1830 545 1872; x_wconf 89' lang='lat' dir='ltr'>seu</span> <span class='ocrx_word' id='word_1_184' title='bbox 575 1831 690 1872; x_wconf 84' lang='lat' dir='ltr'>ouali</span> <span class='ocrx_word' id='word_1_185' title='bbox 719 1832 915 1885; x_wconf 85' lang='lat' dir='ltr'>praedita</span> <span class='ocrx_word' id='word_1_186' title='bbox 947 1844 1003 1872; x_wconf 80' lang='lat' dir='ltr'>ex</span> <span class='ocrx_word' id='word_1_187' title='bbox 1033 1832 1187 1872; x_wconf 81' lang='lat' dir='ltr'>duabus</span> <span class='ocrx_word' id='word_1_188' title='bbox 1224 1834 1415 1885; x_wconf 86' lang='lat' dir='ltr'>partibus</span> 
     </span>
     <span class='ocr_line' id='line_1_27' title="bbox 152 1895 1413 1952; baseline 0.006 -20"><span class='ocrx_word' id='word_1_189' title='bbox 152 1906 172 1932; x_wconf 83' lang='grc' dir='ltr'>ι·</span> <span class='ocrx_word' id='word_1_190' title='bbox 202 1904 245 1934; x_wconf 90' lang='lat' dir='ltr'>et</span> <span class='ocrx_word' id='word_1_191' title='bbox 273 1905 316 1941; x_wconf 88' lang='lat' dir='ltr'>e,</span> <span class='ocrx_word' id='word_1_192' title='bbox 357 1904 401 1934; x_wconf 84' lang='lat' dir='ltr'>vt</span> <span class='ocrx_word' id='word_1_193' title='bbox 431 1908 506 1948; x_wconf 90' lang='lat' dir='ltr'>per</span> <span class='ocrx_word' id='word_1_194' title='bbox 535 1896 722 1936; x_wconf 79' lang='lat' dir='ltr'>mediam</span> <span class='ocrx_word' id='word_1_195' title='bbox 754 1896 1080 1949; x_wconf 84' lang='lat' dir='ltr'>longitudinem</span> <span class='ocrx_word' id='word_1_196' title='bbox 1113 1895 1283 1938; x_wconf 71' lang='lat' dir='ltr'>diffec‘ia</span> <span class='ocrx_word' id='word_1_197' title='bbox 1311 1911 1413 1952; x_wconf 82' lang='lat' dir='ltr'>qua-</span> 
     </span>
     <span class='ocr_line' id='line_1_28' title="bbox 153 1958 1416 2014; baseline 0.005 -17"><span class='ocrx_word' id='word_1_198' title='bbox 153 1958 180 1997; x_wconf 75' lang='lat' dir='ltr'>si</span> <span class='ocrx_word' id='word_1_199' title='bbox 210 1969 429 2011; x_wconf 82' lang='lat' dir='ltr'>appareat.</span> <span class='ocrx_word' id='word_1_200' title='bbox 494 1960 542 2002; x_wconf 87' lang='lat' dir='ltr'>In</span> <span class='ocrx_word' id='word_1_201' title='bbox 574 1961 722 2001; x_wconf 82' lang='lat' dir='ltr'>medio</span> <span class='ocrx_word' id='word_1_202' title='bbox 763 1961 1054 2014; x_wconf 81' lang='lat' dir='ltr'>longitudinis</span> <span class='ocrx_word' id='word_1_203' title='bbox 1084 1959 1110 1999; x_wconf 89' lang='lat' dir='ltr'><em>h</em></span> <span class='ocrx_word' id='word_1_204' title='bbox 1134 1960 1416 2003; x_wconf 81' lang='lat' dir='ltr'>hcraffiuscu-</span> 
     </span>
     <span class='ocr_line' id='line_1_29' title="bbox 152 2023 1413 2081; baseline 0.005 -19"><span class='ocrx_word' id='word_1_205' title='bbox 152 2023 203 2062; x_wconf 65' lang='lat'>121.</span> <span class='ocrx_word' id='word_1_206' title='bbox 275 2023 467 2075; x_wconf 80' lang='lat' dir='ltr'>Aptetur</span> <span class='ocrx_word' id='word_1_207' title='bbox 491 2024 679 2067; x_wconf 75' lang='lat' dir='ltr'>sunerius</span> <span class='ocrx_word' id='word_1_208' title='bbox 707 2036 750 2065; x_wconf 86' lang='lat' dir='ltr'>et</span> <span class='ocrx_word' id='word_1_209' title='bbox 781 2024 984 2066; x_wconf 85' lang='lat' dir='ltr'>firmetur</span> <span class='ocrx_word' id='word_1_210' title='bbox 1010 2025 1062 2065; x_wconf 84' lang='lat' dir='ltr'>ad</span> <span class='ocrx_word' id='word_1_211' title='bbox 1100 2025 1271 2080; x_wconf 81' lang='lat' dir='ltr'>scapum</span> <span class='ocrx_word' id='word_1_212' title='bbox 1314 2039 1413 2081; x_wconf 82' lang='lat' dir='ltr'>qua·</span> 
     </span>
     <span class='ocr_line' id='line_1_30' title="bbox 155 2085 861 2131; baseline 0.003 -5"><span class='ocrx_word' id='word_1_213' title='bbox 155 2085 324 2126; x_wconf 76' lang='lat' dir='ltr'>dratum</span> <span class='ocrx_word' id='word_1_214' title='bbox 354 2100 380 2126; x_wconf 88' lang='lat' dir='ltr'>a</span> <span class='ocrx_word' id='word_1_215' title='bbox 411 2088 586 2130; x_wconf 81' lang='lat' dir='ltr'>cochlea</span> <span class='ocrx_word' id='word_1_216' title='bbox 616 2089 639 2130; x_wconf 89' lang='lat' dir='ltr'><em>b</em></span> <span class='ocrx_word' id='word_1_217' title='bbox 668 2091 861 2131; x_wconf 66' lang='lat' dir='ltr'>traiecta.</span> 
     </span>
    </p>

    <p class='ocr_par' dir='ltr' id='par_1_12' title="bbox 271 2152 1413 2209">
     <span class='ocr_line' id='line_1_31' title="bbox 271 2152 1413 2209; baseline 0.003 -17"><span class='ocrx_word' id='word_1_218' title='bbox 271 2152 385 2192; x_wconf 85' lang='lat' dir='ltr'>Haec</span> <span class='ocrx_word' id='word_1_219' title='bbox 416 2152 518 2195; x_wconf 85' lang='lat' dir='ltr'>lima</span> <span class='ocrx_word' id='word_1_220' title='bbox 547 2155 719 2196; x_wconf 84' lang='lat' dir='ltr'>indatur</span> <span class='ocrx_word' id='word_1_221' title='bbox 748 2155 877 2207; x_wconf 80' lang='lat' dir='ltr'>scapo</span> <span class='ocrx_word' id='word_1_222' title='bbox 900 2153 972 2196; x_wconf 89' lang='lat' dir='ltr'>suo</span> <span class='ocrx_word' id='word_1_223' title='bbox 994 2154 1413 2209; x_wconf 78' lang='lat' dir='ltr'>quadrato&#39;a-invir-</span> 
     </span>
    </p>

    <p class='ocr_par' dir='ltr' id='par_1_13' title="bbox 633 2219 1413 2270">
     <span class='ocr_line' id='line_1_32' title="bbox 633 2219 1413 2270; baseline 0.001 -10"><span class='ocrx_word' id='word_1_224' title='bbox 633 2229 636 2232; x_wconf 76' lang='grc'>’</span> <span class='ocrx_word' id='word_1_225' title='bbox 681 2219 728 2261; x_wconf 86' lang='grc' dir='ltr'><strong>Μ</strong></span> <span class='ocrx_word' id='word_1_226' title='bbox 749 2231 788 2258; x_wconf 90' lang='lat' dir='ltr'>m</span> <span class='ocrx_word' id='word_1_227' title='bbox 818 2233 842 2259; x_wconf 86' lang='lat'>2</span> <span class='ocrx_word' id='word_1_228' title='bbox 1334 2229 1413 2270; x_wconf 73' lang='lat' dir='ltr'>gae</span> 
     </span>
    </p>
   </div>
   <div class='ocr_carea' id='block_1_11' title="bbox 1462 1694 1605 1731">
    <p class='ocr_par' dir='ltr' id='par_1_14' title="bbox 1462 1694 1605 1731">
     <span class='ocr_line' id='line_1_33' title="bbox 1462 1694 1605 1731; baseline 0.014 -8"><span class='ocrx_word' id='word_1_229' title='bbox 1462 1694 1532 1731; x_wconf 78' lang='lat' dir='ltr'>Fig.</span> <span class='ocrx_word' id='word_1_230' title='bbox 1555 1702 1605 1725; x_wconf 74' lang='grc' dir='ltr'>ιι,</span> 
     </span>
    </p>
   </div>
  </div>
 </body>
</html>
