1976 2605
618 161 696 207 IN
731 159 984 210 numo.
1382 178 1443 219 79

286 282 323 330 9.
351 299 425 328 21.
474 283 589 328 Cum
615 284 747 339 igitur
765 296 940 325 curuum
963 292 1008 324 et
1029 282 1319 324 descendente
1343 295 1444 324 cors

157 365 270 409 pore
295 363 337 392 et
361 350 618 391 ascendente
641 349 990 390 tautochronam
1013 349 1285 400 inuenerim3
1314 360 1391 389 eae
1414 347 1442 390 fi

158 419 202 459 in
228 417 393 470 punctis
414 410 844 468 infimisjungantur,
889 411 1271 464 repraesentabunt
1295 423 1443 453 tauto-

157 481 374 522 chronam
423 477 605 519 ascensui
631 487 674 516 et
714 475 926 516 descensui
961 474 1081 514 simul
1116 477 1444 518 inseruientem.

157 544 224 589 Sit
252 544 344 586 AM
372 541 669 584 tautochrona
690 552 774 593 pro
805 537 1030 587 descensu,
1081 538 1219 579 altera
1246 541 1330 580 AN
1360 554 1445 592 pro

157 609 355 659 ascensis,
378 604 643 647 manifestum
667 604 750 654 est,
798 602 827 644 fi
857 614 1016 656 corpus
1044 601 1215 656 semper
1244 602 1288 642 in
1316 616 1445 645 curua

157 673 252 715 AM
282 669 521 713 descensum
554 670 760 722 incipiat,
803 679 846 709 et
877 668 988 708 vltra
1020 669 1223 720 punctum
1254 667 1296 706 in
1317 680 1445 709 curua

155 737 244 778 AN
278 733 504 783 ascendat,
568 743 660 773 tum
698 731 994 773 oscillationes
1019 731 1092 771 has
1122 731 1361 772 absolutum
1391 733 1445 772 iri

154 798 388 851 atqualibus
408 797 706 850 temporibus,
748 797 988 850 vbicunque
1010 797 1135 836 initia
1155 796 1372 838 descensus
1398 799 1443 837 in

152 862 248 904 AM
271 861 546 902 amini-antur.
597 861 639 903 Si
665 863 800 915 igitur
820 862 893 904 ΑΡ
913 861 1040 901 suerit
1060 873 1090 901 x
1112 873 1156 901 et
1176 860 1268 903 AM
1288 873 1330 910 s,
1357 861 1443 902 erit

155 921 1128 980 8m2ctsds-†-3(m-n)›ffxds:8(m-n)masdx‚
1181 938 1264 978 pro
1304 925 1442 966 altera

151 1003 281 1031 curua
302 991 386 1032 AN
408 1003 539 1039 νει-ο,
584 991 609 1030 si
637 991 804 1033 dicatur
832 992 1022 1049 AQ:u‚
1065 1000 1108 1030 et
1135 990 1325 1039 ANzt,
1358 990 1442 1030 erit

157 1052 1080 1106 8›71²atdt—3(tn—n)nhudt:8(m-n)mahdu.
1149 1055 1344 1106 Tempus
1366 1067 1443 1095 ve-

160 1132 214 1159 ro
240 1118 527 1159 ost-illationis
550 1122 672 1161 vnius
695 1122 872 1175 aequale
899 1119 955 1160 est
977 1118 1133 1160 duabus
1153 1117 1344 1158 dimidiis
1373 1130 1441 1158 os·

151 1183 446 1224 cillationibus
468 1184 651 1226 duorum
678 1184 972 1239 pendulorum
994 1185 1040 1224 in
1062 1195 1226 1232 vacuo,
1255 1195 1444 1236 quorum

154 1247 328 1288 alterius
354 1250 590 1300 longitudo
612 1249 670 1290 est
686 1248 732 1302 s,
775 1249 951 1289 alterius
968 1245 1016 1294 h,
1058 1250 1124 1286 seu
1146 1249 1219 1286 vni
1240 1248 1442 1298 integrae

157 1315 426 1355 oscillationi
452 1317 626 1365 penduli
648 1313 759 1368 cujus
782 1316 901 1367 long.
923 1302 1196 1375 zs-fissffl.

287 1371 320 1418 §.
357 1390 428 1415 22.
499 1376 540 1416 Si
566 1375 836 1429 sueritszh‚
879 1389 1005 1415 erunt
1026 1379 1132 1417 duae
1157 1393 1312 1419 curuae
1333 1380 1443 1430 AM,

154 1440 243 1482 ΑΝ
263 1450 403 1491 partes
424 1434 612 1492 ejusdem
631 1451 786 1478 curu-ae
806 1441 1064 1483 continuae:
1102 1441 1152 1482 Id
1171 1443 1286 1495 quod
1309 1455 1362 1483 ex
1384 1456 1442 1484 eo

150 1502 338 1555 intelligi
367 1501 535 1556 potest,
577 1503 695 1555 quod
725 1515 842 1553 tum,
885 1503 914 1543 si
940 1505 1047 1544 loco
1076 1518 1107 1545 x
1135 1519 1327 1559 ponatur
1349 1521 1372 1548 u
1395 1519 1440 1548 et

149 1567 256 1609 loco
283 1579 322 1615 s,
361 1569 454 1620 qui-‚1
475 1567 518 1605 in
539 1566 672 1607 altem
695 1580 821 1609 curua
849 1581 966 1608 arcus
989 1567 1097 1610 fiunt
1120 1573 1333 1624 negaturi,
1358 1579 1439 1623 —t,

153 1632 355 1685 aequatio
377 1632 515 1672 illaad
537 1631 782 1673 descensum
806 1634 1033 1685 pertinens
1055 1646 1247 1676 mutetur
1265 1638 1304 1676 in
1330 1636 1437 1677 hanc

153 1695 339 1736 ascensui
366 1696 692 1736 inseruientem.
786 1697 930 1739 Curua
963 1711 1070 1750 ergo
1102 1699 1191 1741 MA
1223 1701 1271 1739 ab
1301 1701 1438 1740 altera

153 1770 280 1811 parte
302 1763 581 1800 continuatur
602 1762 644 1800 in
664 1774 791 1801 curua
815 1762 925 1812 AN,
968 1773 1011 1802 et
1035 1773 1131 1803 totu
1156 1776 1282 1802 curua
1304 1765 1436 1805 MAN

152 1822 262 1863 hanc
294 1823 418 1864 habet
449 1827 775 1878 proprietatem
804 1837 850 1866 vt
877 1827 1030 1879 globus
1057 1829 1259 1867 diametri
1287 1840 1333 1875 a,
1389 1839 1434 1869 et

151 1887 374 1940 grauitatis
409 1889 634 1942 specificae
659 1904 694 1930 m
723 1890 847 1943 super
884 1904 931 1930 ea
969 1893 1010 1930 in
1048 1891 1184 1930 fluido
1211 1893 1440 1943 grauitatis

153 1951 374 2003 specificae
405 1966 429 1993 n
475 1954 712 1993 constituta
759 1965 932 1994 motum
978 1955 1218 2008 aequalibus
1263 1955 1438 2008 semper

152 2017 421 2067 temporibus
449 2017 732 2057 oscillationis
764 2018 968 2058 absoluat.
1047 2018 1285 2059 Descensus
1323 2032 1437 2063 vero

151 2077 247 2119 fieri
278 2080 433 2121 debent
466 2083 506 2120 in
538 2095 664 2133 curu-i
688 2080 803 2130 MA,
848 2093 890 2122 et
920 2081 1103 2123 ascensus
1131 2086 1172 2124 in
1205 2084 1314 2131 AN,
1360 2083 1434 2125 nisi

151 2143 269 2184 sorte
310 2156 385 2185 eae
423 2158 577 2186 cui-uae
614 2145 723 2187 hanc
760 2146 931 2201 insuper
964 2146 1147 2190 habeant
1177 2149 1433 2203 proprieta-

1324 2222 1435 2262 tem,
