1976 2605
678 101 764 165 DE
800 117 1019 164 LIENE.
1388 142 1403 167 1
1421 142 1478 182 57

204 248 248 288 in
271 243 376 286 viuo
409 251 453 284 et
480 242 580 283 (ano
609 240 820 292 homine,
851 252 1000 283 totum
1022 241 1266 296 praes-atum
1299 240 1486 298 spatium

199 310 433 363 aliquando
464 306 581 348 forte
610 306 808 360 replere,
856 306 944 347 alio
972 318 1119 348 autem
1151 317 1365 362 tempore
1395 323 1487 353 non

199 375 405 429 replere,
430 373 658 425 Licnisque
681 372 794 412 adeo
814 370 940 412 situm
962 371 1027 413 scu
1050 371 1362 414 conditionem
1383 388 1486 429 qua.

200 439 251 480 lis
272 441 315 480 in
335 437 580 479 demortuis
599 437 809 484 cernitur,
835 434 1031 475 fallacem
1054 435 1152 475 ess‘e.
1222 437 1480 491 Caeterum,

197 503 346 547 Lienis
368 517 415 544 ca
437 502 570 557 figura
588 499 670 550 est,
690 509 739 542 vt
761 500 806 540 in
829 498 1010 539 modum
1033 498 1207 551 linguae
1237 512 1388 552 parum
1421 505 1486 544 in-

199 581 402 610 curuatae
425 578 469 608 et
486 565 780 618 conglobatae
809 562 934 617 super
961 563 1197 604 ventriculi
1223 567 1486 607 extremita-

201 643 294 674 tem
316 633 520 673 sinistram
545 629 719 684 oblique
739 629 883 670 verius
913 627 1116 680 dorium,
1157 628 1281 671 iuxta
1312 629 1487 672 dustum

198 696 410 738 costarum
432 693 514 734 seie
537 693 871 735 accommodet.

327 774 367 800 2.
437 758 827 816 Quemadmodum
857 758 973 800 vteri
999 757 1135 799 fundo
1160 755 1367 800 Placenta
1389 757 1486 800 foe·

193 833 280 874 tus,
318 824 372 865 fic
394 823 502 864 Lien
524 823 764 877 superficiei
793 823 1028 865 ventriculi
1058 822 1352 876 adhaerescit3
1390 825 1486 864 imo

193 888 363 931 auferre
384 890 676 929 ventriculum
708 888 820 929 haud
845 888 974 940 licet,
1011 888 1114 942 quin
1141 899 1238 928 cum
1274 900 1330 927 eo
1363 886 1488 928 simul

190 952 281 994 lien
302 952 562 994 extrahatur
582 966 665 994 vna
691 965 786 994 cum
811 964 1029 1002 omento,
1069 953 1186 992 cuius
1206 950 1361 993 folium
1391 951 1486 1004 plu-

191 1018 304 1057 ribus
325 1017 654 1070 digitationibus
674 1018 741 1058 seu
761 1017 1072 1070 appendicibus
1090 1016 1230 1057 veluti
1251 1015 1484 1069 tendineis,

187 1081 328 1122 limbo
352 1081 473 1122 lienis
493 1093 713 1122 accretum
742 1082 866 1135 saepe
881 1079 1251 1130 obseruaui‚vnde
1274 1079 1398 1121 Sinus
1418 1081 1484 1121 in-

190 1155 260 1187 ter
283 1157 514 1187 omentum
533 1158 574 1187 et
594 1147 758 1187 lienem
782 1144 1010 1196 enascitur,
1028 1146 1144 1185 cuius
1164 1143 1282 1185 vsum
1302 1145 1484 1196 ignoro.

325 1224 368 1258 3.
436 1209 560 1248 Inter
587 1210 730 1250 Lienis
766 1220 811 1250 et
836 1209 1072 1250 ventriculi
1105 1209 1308 1256 Neruos,
1364 1208 1486 1247 inter

193 1281 354 1309 neruos
374 1281 417 1309 ct
435 1270 527 1308 vasa
547 1270 758 1320 splenia,
786 1271 912 1323 idque
931 1271 972 1309 in
989 1271 1142 1312 limine
1165 1270 1316 1320 lienis,
1355 1283 1481 1311 com·

193 1333 406 1373 mercium
430 1331 640 1384 singulare
663 1344 707 1373 et
731 1334 993 1374 admirabilis
1023 1334 1208 1374 societas
1226 1335 1481 1376 intercedit.

193 1395 356 1438 Neruei
387 1397 502 1436 enim
537 1396 710 1435 funiculi
741 1407 904 1448 corpus
936 1396 1062 1436 lienis
1096 1409 1365 1450 nequaquam
1417 1399 1479 1438 su-

191 1459 344 1509 bcunt,
383 1460 451 1500 sed
491 1460 531 1498 in
570 1458 772 1512 praefato
808 1458 962 1500 limine
998 1459 1047 1500 ab
1076 1473 1163 1500 vna
1190 1460 1480 1503 extremitate

189 1522 241 1564 ad
271 1523 395 1564 aliam
426 1523 621 1576 protensi
663 1522 912 1574 subiistunt,
961 1536 983 1563 a
1019 1525 1167 1578 quibus
1209 1527 1480 1579 propagines

189 1589 350 1641 partim
373 1590 422 1629 ad
436 1589 615 1629 Licnem
642 1588 803 1641 partim
826 1588 878 1628 ad
900 1587 1193 1630 ventriculum
1219 1599 1475 1631 omentum-

191 1663 271 1704 que
299 1655 588 1693 contendunt.
641 1653 808 1694 Eadem
831 1665 1003 1707 quoque
1023 1653 1227 1694 vasorum
1249 1653 1474 1706 sanguine-

194 1727 320 1755 orum
357 1716 428 1757 lex
470 1718 655 1758 obtinet.
730 1716 907 1758 Deinde
941 1731 961 1758 a
995 1729 1234 1758 neruorum
1277 1717 1480 1769 singulari

191 1779 558 1832 complicatione,
584 1783 722 1835 laquei
747 1781 974 1822 annulares
995 1781 1063 1823 scu
1088 1780 1318 1822 circulares
1341 1781 1474 1822 effor-

191 1856 365 1884 mantus
383 1859 507 1899 quam
533 1845 724 1900 plurimi,
748 1847 897 1901 quibus
918 1845 1011 1888 vasa
1033 1845 1223 1900 splenica
1244 1844 1403 1888 inclusa
1428 1858 1476 1890 ac

188 1908 455 1950 incarcerata
478 1910 748 1951 detinentur.

315 1994 359 2030 4.
422 1974 772 2016 'transfusionem
796 1973 1008 2026 sanguinis
1030 1975 1149 2015 inter
1171 1972 1365 2026 praefata
1386 1974 1472 2016 vis-

186 2047 284 2076 cera
305 2037 604 2093 dari,eamque
625 2038 653 2079 ss
675 2052 764 2079 non
786 2051 1020 2092 perpetuo,
1038 2039 1170 2079 certis
1189 2050 1336 2079 tamen
1359 2049 1473 2079 tem-

184 2101 365 2155 poribus
386 2102 535 2143 locum
559 2103 718 2145 habere
742 2117 796 2144 ex
821 2116 876 2142 eo
903 2103 1176 2158 perspicuum
1200 2102 1274 2157 est,
1303 2103 1467 2158 qnoni-

760 2167 818 2208 .V
860 2182 886 2221 3
1401 2178 1470 2205 am
