1976 2605
426 138 515 186 DE
550 134 809 185 smissus
843 134 1124 186 CEREBRL
1312 157 1401 198 13,

134 274 296 315 tarem,
315 261 566 315 intelligere
586 259 717 311 valui,
737 262 834 315 quia
856 261 899 302 in
919 258 1125 314 praefatis
1145 259 1406 315 descriptio·

132 330 250 374 nibus
266 328 538 378 iconibusue,
573 326 696 367 vnica
718 324 1003 365 solummodo
1025 324 1188 366 smuum
1211 325 1342 368 facies
1364 327 1408 368 in

131 392 415 446 conspestum
438 390 616 440 venire,
632 389 767 430 altera
786 390 827 428 in
851 399 998 429 totum
1021 387 1211 430 deficere
1232 389 1316 431 visa
1334 390 1403 432 cst.

125 456 269 512 Julius
303 450 454 510 ΕιιιζΙΞιΓ
483 452 681 496 Arantius
714 450 959 505 Bononienfls
1002 453 1044 491 id
1086 455 1274 504 primum
1313 456 1408 496 uni-

131 519 411 564 maduertiffe
430 517 602 558 videtur
619 528 714 569 cap.
734 515 767 557 1.
788 527 830 556 et
851 515 931 556 111.
950 514 1169 556 Obseruat.
1190 519 1407 561 Anatom.

132 586 198 627 his
221 584 380 626 verbis:
445 578 622 623 Praeter
637 580 718 620 iam
729 575 952 634 perspeelos
969 581 1009 619 in
1025 579 1184 620 cerebri
1186 577 1409 636 substantia

124 651 260 706 βψω,
298 658 392 704 quos
411 642 659 685 ventriculos
679 643 879 699 appellare
899 640 1179 699 confiieiiimus,
1216 646 1311 687 duos
1344 646 1406 687 in-

122 715 257 771 signes
280 711 379 752 alios
390 709 525 764 finus,
565 715 638 750 aut
669 709 868 750 cuuitates
901 711 940 750 in
959 708 1224 764 penitioribus
1249 709 1410 751 cerebri

122 772 312 833 partibus
348 773 605 824 reconditas,
661 780 784 829 atque
814 772 898 814 alte
929 772 1193 829 delitescentes
1229 776 1405 830 reperio,

129 841 201 897 qui
225 850 251 880 a
261 835 516 895 superiorum
531 838 703 894 stnuum,
740 845 812 880 aut
830 838 1149 881 ventriculorum
1169 839 1409 894 magnitudi-

131 917 175 945 ne
212 915 284 944 non
322 902 525 944 admodum
546 929 558 953 ‚
610 901 797 943 recedunt
817 930 829 954 ,
887 902 1208 960 membraneaque
1249 904 1411 946 cerebri

124 966 302 1024 *quadam
325 963 515 1023 solidiore
521 961 767 1022 substantia,
789 967 901 1009 velut
924 970 1115 1022 priores,
1153 964 1410 1024 circumseri·

130 1032 289 1075 buntur.
357 1030 546 1086 Restdent
571 1026 692 1084 hisub
720 1030 867 1073 duobus
893 1032 973 1073 illis
998 1032 1233 1074 ventriculis
1254 1032 1410 1074 anteri-

129 1097 289 1147 oribus,
326 1101 451 1151 utque
467 1093 684 1147 hincinde,
721 1097 839 1151 quasi
860 1098 900 1137 in
915 1093 1092 1151 fiibieHo
1111 1098 1263 1152 nauigii
1280 1095 1409 1139 cilicu-

130 1161 193 1202 ius
222 1159 354 1201 abdito
380 1157 588 1213 cubiculo,
632 1157 780 1212 latent,
822 1160 878 1202 ad
902 1163 1193 1218 anterioraque
1213 1190 1225 1214 ‚
1269 1159 1411 1218 versus

121 1222 298 1279 frontem
313 1224 634 1276 protenduntur,
675 1226 901 1280 tertioque,
941 1226 1011 1266 vel
1029 1228 1216 1268 communi
1228 1227 1332 1280 finui
1358 1234 1411 1269 vt

133 1287 327 1331 dicemus,
366 1286 679 1338 quemadmodum
695 1293 732 1325 et
751 1286 824 1325 duo
827 1283 1085 1339 superiores,
1124 1290 1294 1330 continui
1313 1303 1407 1331 eua-

136 1347 228 1389 dunt
240 1374 253 1397 ,
289 1353 410 1401 atque
429 1348 468 1386 in
485 1346 597 1387 illum
616 1346 725 1387 velut
744 1348 903 1388 cerebri
920 1358 1100 1392 centrum
1116 1361 1373 1395 concurrunt.

262 1406 420 1450 Horum
436 1409 752 1449 ventriculormn
769 1410 873 1464 bafi,
914 1425 1019 1466 quae
1035 1415 1147 1456 intro
1167 1414 1221 1455 ud
1245 1416 1411 1461 medium

135 1469 313 1528 respicit,
351 1471 519 1513 candida
536 1469 735 1528 insurgens
742 1469 1025 1529 fiipereminet‚
1065 1485 1104 1519 et
1129 1479 1249 1534 quast
1261 1480 1408 1523 adnas-

132 1532 497 1592 citursubstantia‚
534 1549 638 1593 quae
655 1535 1152 1595 abinfiriorisupeificiffi
1193 1543 1303 1585 velut
1333 1545 1404 1588 ad·

133 1603 392 1643 ditamentum
409 1601 648 1652 extollitur,
682 1599 941 1660 psalloidique
959 1609 1155 1661 corpori,
1184 1603 1256 1662 seu
1286 1612 1406 1666 ussu-

135 1665 215 1707 dini
233 1667 285 1721 est
302 1666 503 1718 continua,
524 1680 570 1708 ac
582 1674 660 1722 per
678 1667 962 1721 longitudinem
979 1671 1018 1712 in
1041 1674 1273 1722 anteriora,
1305 1686 1407 1717 ver·

124 1727 195 1785 sus
199 1727 379 1785 frontem
391 1730 685 1784 protenditur„
700 1732 999 1791 inaequalique,
1041 1749 1087 1775 αι·
1101 1734 1407 1794 flexuosafigu-

139 1807 190 1836 ra
204 1794 396 1847 praedita
412 1795 488 1850 est,
519 1808 621 1852 quae
639 1793 930 1853 Hippocmnpi,
953 1797 1025 1840 hoc
1043 1801 1097 1855 est
1116 1802 1264 1842 marini
1281 1813 1407 1859 equu-

136 1858 166 1899 li
193 1857 348 1911 estimem
374 1857 522 1913 refert,
562 1861 631 1902 vcl
647 1864 790 1916 potius
816 1862 1020 1905 bombicim'
1047 1867 1199 1906 vermis
1228 1867 1404 1919 candidi,

125 1919 290 1978 spinalis
311 1923 492 1966 medullae
511 1926 670 1966 initium
696 1925 786 1967 hinc
805 1928 894 1969 inde
911 1928 1197 1982 amplexantis,
1226 1929 1408 1985 sormam

138 1986 334 2038 indicant,
357 1987 401 2030 de
418 1989 527 2031 cuius
545 1986 615 2044 ¹zsu
633 1987 731 2030 alibi
749 1990 935 2034 dicemus:
971 1990 1089 2034 huius
1103 1996 1317 2048 particula
1336 2011 1406 2039 ca·

131 2058 204 2106 put
227 2049 398 2106 resti-ens
423 2056 548 2095 tertio
571 2062 714 2097 vocato
737 2056 965 2100 ventriculo
980 2060 1180 2114 proxima
1203 2061 1257 2114 est
1277 2089 1289 2112 ,
1338 2075 1406 2104 re-

125 2116 286 2172 flexum
303 2129 402 2160 vero
416 2125 560 2175 corpus
589 2121 630 2162 in
653 2120 823 2162 caudam
844 2121 979 2166 abiens
997 2122 1055 2165 ad
1074 2125 1285 2168 anteriora
1301 2134 1405 2181 pro·

725 2187 765 2231 R
790 2199 816 2228 2
1320 2197 1406 2230 ten-
