1976 2605
553 165 646 218 m:
681 166 965 219 VARAczs
1321 191 1414 237 30,

146 294 231 339 sese
251 292 465 338 vocabant
494 286 740 348 Wikingar‚
777 302 828 336 vt
851 293 978 349 saepe
995 292 1110 350 apud
1138 291 1424 341 Snorronem

142 364 213 412 (1)
240 369 285 402 et
309 370 636 413 nonnumquam
674 354 852 413 Cappar.
881 362 949 411 (2)
981 360 1033 402 In
1058 360 1209 403 Eddae
1240 361 1424 404 lslandi-

144 436 221 466 cae
246 423 427 465 secunda
453 432 600 479 parte,
636 420 838 479 Kappar,
879 421 1078 478 Kiempur
1099 451 1112 475 ‚
1151 422 1351 481 Garpar,
1373 435 1424 469 vt

140 488 380 534 Roesenius
406 487 651 537 conuertit,
689 484 854 527 heroum
874 513 887 538 ,
926 486 1174 529 athletarum
1201 516 1214 541 ‚
1244 490 1424 545 pugilum

141 554 318 594 mentio
352 552 555 596 occurrit.
623 550 764 593 Iidem
787 552 900 605 apud
921 549 1203 595 Snorronem
1235 555 1304 606 (3)
1324 555 1425 598 dicti

142 614 404 672 Soekongar,
451 628 564 671 reges
589 615 717 656 maris
739 641 752 666 ‚
801 614 923 657 nullo
959 617 1003 658 in
1039 626 1159 658 terra
1195 616 1421 670 dominio,

141 693 365 735 perpetuo
387 683 431 724 in
449 682 829 735 nnariregnantes.
892 678 966 722 De
985 681 1036 722 iis
1074 679 1115 723 S.
1157 681 1424 725 Rembertus

137 745 183 785 in
225 747 313 786 vita
355 746 394 789 S.
443 745 682 788 Auscharii.
751 746 822 797 (4)
887 745 1041 800 Neque
1084 744 1217 787 isthuc
1244 747 1423 801 quidem

138 807 314 863 semper
327 811 488 852 summa
509 810 734 851 libertate:
765 821 1098 865 nonnumquam
1121 810 1240 852 enim
1253 810 1423 853 alienae

136 875 375 927 potentiae
407 875 594 916 deuincti
615 873 750 915 fuere.
817 874 1012 916 Adamus
1038 873 1315 918 Bremenfis:
1353 877 1424 929 (ς)

133 936 350 980 Lundonae
370 939 411 979 in
435 935 586 979 Sconia
608 949 752 974 aurum
778 938 831 989 est
859 936 1108 989 plurimum,
1159 937 1268 991 quod
1295 947 1424 994 raptu

131 1003 363 1054 congeritur
421 999 623 1054 piratico:
697 997 776 1052 ipst
829 999 929 1039 enim
981 1001 1151 1054 piratae
1172 1029 1184 1050 ,
1238 1013 1338 1056 quos
1364 1003 1424 1043 illi

137 1062 374 1119 Withingos
391 1065 521 1117 (puto
542 1062 796 1114 legendum,
821 1060 866 1103 V
865 1062 1039 1114 iking0s)
1057 1063 1279 1116 appellant,
1300 1067 1424 1120 nostri

132 1124 461 1182 Astommannos‚
491 1127 579 1178 regi
609 1122 770 1165 Dam'co
802 1124 1001 1167 tributum
1012 1123 1198 1180 J‘oluunt,
1233 1135 1284 1169 vt
1300 1127 1423 1172 liceat

135 1191 192 1231 eis
204 1190 398 1245 praedam
415 1202 610 1232 exercere
625 1202 651 1228 a
669 1187 888 1230 barbaris.
958 1191 1112 1244 Neque
1135 1203 1291 1233 omnes
1305 1205 1420 1235 vero

136 1254 290 1295 idonei
311 1254 362 1293 ad
384 1254 609 1307 piraticam
631 1254 924 1295 exercendam
947 1254 1040 1295 sunt
1070 1254 1144 1295 vifi
1162 1283 1173 1305 ,
1215 1258 1419 1311 cum‚qui

138 1317 377 1373 praeferox
398 1328 440 1357 et
462 1319 662 1358 immanis
693 1328 785 1357 erat
812 1318 911 1369 Egi!
935 1346 945 1367 ‚
983 1330 1005 1357 a
1036 1317 1169 1359 fratre
1199 1320 1367 1362 idcirco
1395 1335 1419 1363 a

138 1381 378 1437 praedandi
409 1381 618 1422 societate
637 1382 921 1422 rejiceretur:
958 1394 1042 1422 eum
1058 1384 1156 1424 enim
1177 1384 1328 1437 ingenio
1352 1381 1423 1441 effe

139 1446 218 1488 tali
240 1473 250 1494 ‚
291 1445 515 1495 iudicabat,
525 1451 574 1484 vt
592 1443 698 1499 apud
711 1451 879 1484 exteras
903 1447 1080 1484 nationes
1100 1445 1210 1487 haud
1228 1449 1416 1490 conduce-

137 1517 216 1551 ret.
255 1509 488 1560 (6)Vides,
512 1508 671 1562 piratas
694 1520 784 1548 non
816 1509 958 1549 modo
979 1507 1214 1551 ferocitate
1244 1513 1296 1552 ad
1324 1514 1418 1554 vim

140 1572 377 1614 faciendam
416 1571 600 1614 habuisse
637 1584 747 1626 opus
770 1599 782 1622 ‚
847 1572 917 1613 sed
940 1574 1072 1614 etiam
1103 1601 1117 1625 ‚
1163 1585 1212 1615 vt
1243 1576 1416 1618 occafio

141 1636 303 1678 serebat
338 1663 349 1686 ,
395 1638 575 1691 ingenio
595 1637 646 1676 ad
679 1648 962 1677 mercaturas.
1031 1637 1151 1693 Quae
1175 1640 1290 1679 enim
1314 1641 1418 1682 alibi

140 1701 338 1756 praedati
375 1700 559 1751 fuerant,
600 1701 698 1742 alibi
736 1700 1002 1742 vendebant.
1071 1702 1177 1743 Non
1217 1711 1414 1744 tantum·

139 1765 281 1805 modo
345 1776 470 1805 naues
528 1765 788 1806 inuadebant
826 1791 840 1815 ,
939 1764 1007 1804 sed
1079 1766 1121 1805 in
1201 1766 1408 1808 litoribus

139 1829 399 1869 excenfione
454 1828 556 1871 suaa
594 1830 898 1871 circumieetos
936 1840 1065 1882 agros
1103 1829 1312 1885 vicosque
1335 1843 1413 1873 ex-

139 1892 344 1946 pil.1b.2nt.
412 1893 615 1934 Praedam
680 1894 810 1935 Freio
871 1893 956 1932 deo
1014 1892 1210 1934 ferebant
1257 1906 1412 1949 accep·

138 1968 256 2006 tam,
313 1953 429 2010 Frigi
468 1952 594 2012 scod,
670 1958 782 2000 Freii
840 1968 1068 1997 crumenam
1126 1957 1416 2023 appellantes,

136 2030 185 2062 vt
218 2031 273 2061 ex
312 2019 461 2074 infigni
502 2021 646 2077 lapide
684 2020 1000 2062 demonstrauit
1038 2019 1168 2061 Olaus
1197 2021 1410 2075 vetelius,

716 2086 852 2137 sz
1340 2089 1417 2148 (7)

220 2165 281 2200 (ἲ)
308 2163 396 2195 Conf.
427 2166 530 2195 Olaum
567 2169 718 2196 Vormium
754 2169 782 2195 in
806 2175 999 2196 monumcnm
1029 2168 1146 2197 Danicis
1174 2177 1200 2204 p.
1227 2169 1303 2198 268.
1328 2176 1409 2205 29²³

137 2206 195 2244 (π)
219 2206 337 2234 suono
361 2213 383 2235 ε.
406 2215 426 2236 ι.
454 2217 480 2245 p.
502 2215 554 2246 27.
575 2216 626 2246 29.
671 2208 720 2246 (3)
741 2219 768 2247 p.
794 2215 848 2247 40.
873 2218 924 2244 4¹-
950 2208 1005 2247 (4)
1033 2218 1059 2243 ρ.
1083 2214 1131 2246 57.
1156 2208 1206 2238 62.
1232 2208 1290 2246 (ς)
1309 2218 1340 2247 p.
1358 2207 1399 2245 56

135 2248 185 2287 (6)
206 2247 397 2279 Thermodun
420 2247 562 2280 vorsatus
584 2251 727 2282 Hxssmiae
753 2252 947 2288 Noxuagicne
973 2256 1060 2290 pane
1086 2252 1125 2281 Π.
1147 2259 1179 2289 p.
1205 2256 1276 2289 153.
