1976 2605
463 145 551 194 DE
596 143 860 193 szmssus
905 144 1186 193 CEREBR1.
1358 165 1376 193 1
1390 168 1412 204 a
1427 166 1448 205 ς

172 286 221 319 to
250 273 408 316 itinere
439 272 489 312 ad
519 270 698 312 vermis'
719 269 980 322 bombycini
1014 267 1227 310 crassioris
1260 266 1452 321 effigiem

168 353 260 382 non
284 336 393 379 nihil
417 335 610 384 accedit,
634 335 705 375 vel
727 334 778 374 ad
802 333 993 386 effigiem
1016 344 1156 372 cornu
1178 334 1378 384 arietini,
1403 335 1456 376 ad

163 416 292 459 quam
315 401 451 442 adhuc
481 399 663 453 propius
684 397 894 438 accedere
916 395 1022 437 mihi
1045 396 1154 438 visus
1177 396 1247 437 est.
1313 397 1453 439 Nam·

162 481 252 523 ,que
277 467 397 507 idem
428 476 611 518 corpus,
653 460 882 516 postquam
906 462 929 501 e
956 459 1104 510 sacCO,
1146 462 1214 500 cui
1242 460 1454 504 inclusum

166 533 248 582 est,
274 529 422 572 selein
444 530 615 570 ductum
637 525 930 581 angustiorem
955 524 1171 575 demittit,
1196 525 1323 564 valde
1355 537 1452 577 gra-

167 597 391 645 cilel'ccns,
429 591 649 647 spiralium
686 591 852 631 circum
888 588 1174 630 volutionum
1203 588 1452 642 impressio—

167 673 242 702 nes
265 658 428 700 amittit
449 656 652 711 quidem,
696 667 743 696 ac
769 655 812 694 in
835 653 1018 695 modum
1043 666 1163 694 arcus
1184 655 1452 704 incuruatur‚

158 737 202 777 g.
226 723 452 774 formaque
475 719 726 770 intestinali‚
750 718 825 760 suo
849 719 1028 759 tandem
1052 728 1284 769 extremo,
1305 719 1453 772 (quod

164 788 234 828 sub
253 786 473 828 vocabulo
496 785 630 827 cruris
651 785 717 826 seu
740 782 904 826 brachii
919 783 1115 824 Fornicis
1136 782 1270 835 vulgo
1294 793 1453 824 notum

165 852 249 903 est)
269 864 352 892 vna
373 863 470 892 cum
495 849 691 904 oppositi
717 848 862 890 lateris
882 846 1094 899 brachio,
1134 847 1329 890 Fornicis
1351 857 1452 889 cor·

166 909 244 971 pus
260 916 521 958 immediate
543 914 752 972 producit
773 911 813 955 h.

472 1046 798 1132 Explicatio
870 1043 1136 1130 Figurae.

163 1168 217 1211 A.
239 1169 293 1211 A.
323 1166 430 1210 Duo
459 1168 606 1222 apices
640 1166 1006 1222 haemisphaerii,
1047 1177 1147 1206 cum
1176 1161 1451 1206 intermedio

165 1295 215 1337 B.
236 1231 561 1334 RinffuLainffbus
588 1291 839 1332 medullaris
865 1289 1001 1331 smum
1025 1290 1232 1330 ambiens.

168 1370 206 1397 a.
227 1354 266 1395 b.
290 1354 413 1396 Sinus
444 1356 577 1407 vulgo
608 1366 739 1396 notus
766 1353 957 1394 helicem
987 1354 1203 1394 auriculae
1231 1353 1449 1395 humanae

297 1417 530 1459 aemulans.

167 1497 201 1525 c.
222 1479 381 1532 Sinus,
430 1481 578 1522 lobum
611 1479 825 1521 auriculae
853 1478 1086 1532 fimulans‚
1134 1480 1180 1522 in
1208 1479 1450 1537 posteriori

294 1547 416 1600 apice
445 1544 801 1599 lmemisphaerii,

166 1610 245 1653 d.e.
267 1610 389 1653 Sinus
407 1611 647 1652 bombicini
666 1611 828 1652 vermis
847 1609 914 1650 seu
945 1609 1239 1665 hippocampi
1260 1607 1447 1653 Arantii.

167 1676 220 1719 C.
240 1676 574 1729 Hippocampus
591 1675 657 1716 seu
679 1677 841 1717 vermis
859 1674 1146 1729 bombycinus
1172 1673 1365 1717 Arantii.

154 1737 213 1795 ss.
241 1739 430 1793 Spirales
455 1741 876 1782 circumuolutiones
903 1741 1066 1781 vermis
1091 1739 1345 1780 bombicini.

157 1816 202 1857 g.
229 1803 468 1846 Curuatura
493 1816 535 1847 et
555 1818 652 1859 pars
671 1806 882 1862 gracilior
919 1805 1084 1849 vermis
1111 1801 1378 1859 bombycini.

168 1866 208 1909 b.
232 1869 426 1913 Fornicis
454 1882 569 1926 pars.

1304 2201 1443 2244 THE·
