1976 2605
494 150 582 199 DE
617 148 779 198 Luce
811 149 1099 199 BOREAM.
1333 171 1387 198 12
1398 171 1421 211 s

149 275 431 332 ΐρεᾶιιῑοτίς,
471 282 660 326 propter
692 273 885 327 regulam
915 282 1018 315 ante
1049 271 1312 327 allegatam:
1383 272 1428 316 Si

149 353 258 383 vero
280 337 527 393 superficies
550 335 780 379 reflestens
800 336 1038 391 aequaliter
1059 350 1082 377 a
1102 349 1257 379 centro
1280 349 1442 380 terrae·

150 418 241 447 non
264 404 415 452 distat,
455 398 620 442 necess‘e
648 401 706 441 est
728 402 861 441 etiam
886 400 943 441 ob
972 400 1166 455 regulam
1191 401 1428 455 allegatam

151 481 198 512 vt
231 469 357 524 plana
391 464 493 507 talla
524 475 613 505 uon
641 462 825 517 amplius
853 465 897 503 in
920 466 1087 504 vertice
1110 464 1181 504 sed
1203 465 1301 506 alibi
1323 468 1427 507 cbe-

159 545 258 583 ant,
302 533 506 573 nimirum
530 528 573 568 in
602 527 773 568 vertice
805 527 996 568 vicario:
1035 526 1093 567 ibi
1123 527 1329 569 nimirum
1357 531 1429 571 vbi

154 598 294 639 trabe,
315 599 498 644 εὔριπον,
535 590 720 633 existunt
742 593 861 632 enim
892 590 1034 631 trabes
1062 592 1107 631 in
1129 590 1243 633 hisce
1265 591 1417 646 plum.

155 661 291 710 (nolu
312 661 414 700 haec
436 654 716 709 scrupulosum
735 655 1035 714 demoqstrare
1055 668 1107 695 nc
1133 657 1287 697 nimiu>
1308 655 1383 697 fim
1404 670 1426 702 J.

154 723 482 775 Inuertoigitur
511 720 807 775 posteriorem
837 719 1201 774 proposstionem
1233 733 1276 762 et
1306 722 1426 770 dico,

152 788 248 841 quia
279 798 436 828 vertex
469 785 650 826 vicarius
680 783 930 826 obseruatus
951 779 1086 833 est(§.
1110 789 1183 835 7.)
1202 785 1335 838 igitur
1364 786 1428 826 su-

152 862 302 904 prema
331 849 559 892 reflee‘tena
586 847 857 902 superficies,
899 859 943 888 et
975 849 1167 902 proinde
1191 851 1296 892 a‘e'ris
1317 861 1429 903 quo-

150 927 230 969 que
261 927 460 955 extrema
491 912 738 967 superficies
759 925 783 954 a
802 923 962 955 centro
983 923 1154 964 terrae,
1189 914 1428 969 aequaliter

151 991 241 1021 non
264 979 415 1020 distant
439 978 593 1032 vbique
617 989 660 1020 et
684 978 870 1033 semper.

289 1058 305 1084 1
323 1058 360 1084 1.
429 1043 595 1085 Eadem
654 1056 766 1086 vero
816 1042 983 1099 posstio
1039 1044 1211 1086 aliunde
1257 1043 1427 1086 constat

151 1119 352 1162 quoque:
422 1107 607 1150 Certum
639 1108 722 1159 est,
763 1111 881 1163 quod
914 1108 940 1150 fi
970 1110 1042 1150 a'e'r
1074 1121 1163 1149 non
1187 1106 1262 1150 nifi
1283 1109 1427 1162 graui-

151 1174 252 1214 tatis
281 1173 453 1215 afflone
484 1172 537 1213 ad
567 1181 731 1215 terram
763 1184 1026 1228 cogeretur,
1068 1172 1316 1228 superficies
1340 1176 1429 1213 eius

152 1240 318 1277 extima
349 1250 370 1276 a
400 1248 558 1277 centro
588 1247 730 1278 terrae
770 1239 942 1288 semper
973 1248 1016 1277 et
1059 1238 1212 1290 vbique
1252 1235 1427 1275 distaret

155 1297 403 1350 aequaliter.
474 1300 618 1350 Atque
641 1299 751 1338 hunc
773 1299 911 1339 casum
935 1299 1070 1339 solum
1093 1299 1362 1340 confidet-„mi
1383 1300 1427 1339 iu

155 1362 302 1413 primo
324 1371 427 1399 meo
451 1360 502 1400 dc
533 1361 626 1400 luce
655 1361 820 1401 borcali
851 1363 1036 1413 scripto:
1069 1364 1194 1410 (vid.
1215 1362 1240 1401 1.
1267 1375 1301 1401 c.
1329 1374 1424 1414 pag.

158 1426 264 1475 ³58·
280 1429 307 1474 ).
347 1428 406 1464 At
432 1422 592 1462 nullum
614 1423 672 1463 est
693 1424 864 1464 dubium
885 1425 986 1477 quin
1007 1426 1082 1465 {ier
1105 1426 1274 1474 noster,
1302 1438 1425 1477 prae-

153 1497 219 1528 ter
237 1487 518 1540 grauitatem,
544 1485 658 1528 Solis
678 1490 827 1537 etiam,
844 1487 1006 1538 Lunae,
1031 1489 1187 1531 Martis
1209 1500 1252 1529 et
1276 1489 1424 1531 Vene-

149 1552 206 1591 ris
226 1552 510 1592 attractiones
531 1550 708 1593 sentiat:
727 1551 841 1595 Solis
860 1563 903 1592 et
918 1553 1064 1595 Lunae
1084 1556 1280 1596 ustiones
1299 1567 1426 1608 aqua-

148 1627 243 1657 rum
266 1617 310 1655 in
332 1627 501 1657 oceano
522 1615 793 1669 superficiem
825 1615 891 1657 hic
923 1616 1136 1659 attollunt
1169 1618 1426 1672 deprimunt

152 1678 276 1728 alibi,
313 1680 461 1733 quidni
491 1691 601 1734 ergo
631 1692 674 1721 et
705 1683 808 1730 liet,
855 1682 925 1735 qui
955 1695 1058 1736 aqua
1086 1683 1222 1735 longe
1245 1682 1426 1722 fluidiot

154 1741 236 1792 est,
275 1742 435 1784 eodem
459 1745 598 1785 modo
618 1744 945 1799 deprimeretur
967 1758 1009 1787 et
1034 1741 1349 1788 attolleretur?

286 1819 357 1847 12.
425 1809 537 1849 Ae're
570 1808 623 1849 fic
655 1809 896 1851 constituto
920 1837 931 1859 ‚
981 1811 1285 1852 Astronomos
1322 1822 1425 1851 mo·

154 1881 240 1910 neo
260 1897 272 1919 ,
308 1882 354 1912 vt
377 1870 428 1911 de
448 1869 757 1928 refiwc‘i'tonibus
778 1873 1064 1916 azimutalibur
1087 1875 1264 1928 posthac
1286 1876 1426 1927 magis

152 1933 232 1976 fint
256 1934 451 1986 solliciti,
494 1936 627 1977 nullas
648 1939 765 1978 enim
789 1938 984 1991 plerique
1007 1940 1243 1990 agnoscunt
1270 1952 1284 1987 3
1328 1938 1422 1979 nul·

150 1997 218 2037 lae
254 1999 426 2051 quidem
465 2000 672 2042 darentur
704 2001 731 2041 fi
762 2001 1009 2053 superficies
1047 2003 1160 2043 Ya‘eris
1195 2003 1368 2054 semper
1399 2015 1423 2044 a

149 2069 309 2103 centro
330 2072 472 2104 terrae
492 2065 730 2118 aequaliter
752 2065 952 2114 distaret,
994 2076 1063 2106 aut
1086 2065 1114 2106 fi
1147 2079 1236 2106 non
1269 2065 1343 2107 nifi
1376 2068 1420 2106 in

147 2126 318 2169 vertice
348 2126 639 2173 obseruatum
657 2129 967 2173 intumesceret
998 2129 1312 2180 subsrderetue,
1349 2130 1420 2170 sed

735 2190 783 2255 ρ
804 2208 829 2247 3
1322 2205 1418 2234 rem
