1976 2605
564 146 583 176 1
595 138 660 186 96
829 121 1214 173 EXPERIMEN
1219 122 1300 170 TA
1336 120 1562 170 CORAM

565 256 637 297 ἃο
664 253 787 294 citius
815 261 982 293 tanturn
1010 259 1100 288 non
1129 257 1273 297 totus,
1313 247 1384 301 qui
1415 248 1522 288 oriri
1552 248 1718 301 potest,
1760 250 1832 290 ad-

564 318 614 359 fit
639 346 649 368 ,
698 316 770 356 nisi
804 324 970 366 aquae·
993 312 1136 353 ductus
1167 311 1340 353 castello
1367 312 1626 367 p'raelongus
1656 315 1837 356 insertus

570 381 712 421 suerit.
767 390 769 392 ·
1427 418 1429 420 .

698 441 741 484 Si
769 454 878 483 vero
911 452 1041 494 aquae
1070 453 1157 481 non
1188 439 1324 493 pleno
1352 439 1526 481 orificio
1557 453 1635 493 per
1655 440 1833 483 fistulam

568 515 840 559 erumpant,
894 517 1095 557 aquarum
1134 504 1288 558 preffio
1326 516 1415 544 non
1455 506 1598 545 omnis
1636 506 1832 556 tolletur,

568 569 735 610 etiamsl
763 580 893 623 aquae
919 578 1017 609 tota
1042 568 1108 610 sua
1137 568 1375 610 velocitate
1400 581 1478 623 per
1500 567 1678 610 fistulam
1699 578 1835 610 trans·

573 633 721 675 fluant.

695 693 807 739 Non
838 699 1113 740 attendemus
1140 700 1190 740 ad
1219 698 1312 740 illas
1340 699 1603 754 pressionum
1624 697 1837 740 mutatio·

569 773 675 811 nes,
727 775 833 817 quae
866 762 972 803 fiunt
1009 776 1031 803 a
1069 763 1207 804 fluxus
1244 757 1405 815 initio,
1456 765 1596 804 donec
1635 773 1838 816 aquarum

568 826 825 868 transfluxus
847 827 1005 866 censeri
1027 826 1153 879 poffit
1182 829 1429 881 aequabilis:
1474 829 1661 867 dicemus
1688 826 1837 865 saltem

569 891 620 929 de
653 890 807 930 vltima
839 889 908 929 illa
940 890 1153 941 preffione
1182 904 1288 944 quae
1312 892 1484 932 effluxui
1505 890 1710 944 aequabili
1729 901 1838 928 con-

567 952 749 992 ueniat:
797 950 1222 1004 impedimentorum
1263 965 1443 1004 autem,
1493 966 1597 1006 quae
1635 952 1840 992 effluxum

570 1025 772 1066 aquarum
797 1027 874 1065 per
899 1014 1076 1054 fistulam
1098 1015 1190 1055 casu
1216 1018 1439 1057 retardare
1467 1016 1665 1068 possunt,
1705 1014 1843 1056 veluti

568 1076 840 1116 adhaesionis
868 1087 997 1129 aquae
1029 1077 1077 1115 ad
1106 1077 1244 1116 latera
1271 1080 1381 1125 tubi,
1423 1078 1737 1117 contractionis
1763 1088 1839 1115 ve·

568 1152 648 1177 nae
671 1140 882 1178 effluentis
902 1152 921 1177 a
943 1137 1142 1179 Newtono
1162 1140 1406 1180 obseruatae
1425 1141 1440 1187 (
1458 1151 1562 1191 quae
1587 1139 1750 1190 pariter
1769 1150 1840 1176 ca·-

570 1201 690 1241 sualis
713 1204 768 1242 est
792 1212 973 1254 totaque
996 1204 1121 1241 vitari
1147 1203 1320 1254 potest)
1342 1204 1611 1253 aliorumque
1641 1199 1841 1239 similium

572 1264 731 1306 nullam
760 1265 981 1305 rationem
1012 1264 1273 1304 habebimus.

701 1330 878 1370 Fuerint
911 1329 994 1367 iam
1023 1327 1329 1379 amplitudines
1356 1325 1516 1366 fistulae
1554 1326 1724 1378 eiusque
1751 1322 1841 1364 ori-

570 1391 658 1432 ficii
687 1404 810 1444 aquas
840 1391 1085 1430 emittentis
1112 1399 1159 1429 vt
1187 1403 1222 1428 m
1251 1391 1298 1427 ad
1328 1401 1375 1437 ⁷²3
1414 1389 1600 1427 altitudo
1630 1399 1760 1441 aquae
1798 1388 1841 1426 in

573 1455 748 1494 castello
771 1454 890 1505 supra
913 1451 1089 1490 fistulam
1111 1465 1210 1491 za:
1236 1451 1533 1502 intelligantur
1552 1464 1680 1506 aquae
1705 1451 1841 1504 pleno

575 1516 749 1557 orificio
771 1527 951 1568 totaque
973 1515 1036 1554 sua
1059 1515 1321 1562 velocitate,
1362 1527 1467 1566 quae
1492 1515 1627 1555 dictae
1650 1514 1840 1553 altitudi-

573 1583 615 1621 ni
634 1594 657 1619 ιι
677 1582 938 1626 conueniat,
982 1577 1182 1627 effluere3
1221 1575 1374 1629 preffio
1396 1589 1539 1617 autem
1563 1590 1692 1629 aquae
1715 1577 1840 1616 obtu-

572 1655 671 1684 rato
693 1643 867 1682 orificio
888 1653 962 1680 ceu
987 1641 1334 1693 proportionalis
1365 1640 1579 1679 altitudini
1608 1651 1740 1691 aquae
1773 1640 1838 1678 in·

575 1708 744 1747 dicetur
773 1719 851 1759 per
876 1717 926 1746 a:
974 1705 1072 1744 dico
1103 1704 1361 1757 preffioncm
1395 1715 1524 1755 aquae
1553 1715 1631 1755 per
1659 1701 1841 1742 fistulam

574 1777 866 1818 trans-fluentis
888 1776 982 1814 fore
1002 1775 1246 1827 aequaelem
1267 1768 1427 1826 Qffiffl‘a
1449 1801 1459 1822 ‚
1520 1784 1646 1826 atque
1685 1774 1839 1825 proin-

576 1841 628 1880 de
651 1840 809 1881 nullam
830 1839 857 1880 fi
884 1836 1011 1879 fuerit
1031 1851 1166 1890 nir-tn,
1204 1839 1245 1878 id
1266 1839 1343 1887 est,
1389 1837 1417 1877 fi
1437 1836 1566 1877 fistula
1587 1846 1683 1878 tota
1711 1835 1837 1876 suerit

576 1915 742 1958 aperta.

707 1968 767 2008 Vt
787 1967 902 2007 istam
926 1966 1157 2007 fluidorum
1183 1975 1408 2005 motorum
1434 1963 1638 2005 Staticam
1663 1962 1839 2016 experi-

574 2031 735 2070 mentis
763 2030 1099 2079 confirmarem,
1141 2032 1229 2069 vsus
1264 2028 1350 2067 sum
1391 2041 1485 2068 arca
1520 2028 1681 2081 lignea,
1725 2028 1839 2066 cuius

575 2093 763 2135 latitudo
799 2105 891 2135 erat
919 2095 1041 2136 vnius
1069 2085 1189 2147 pedis
1221 2091 1452 2145 longitudo
1490 2092 1622 2132 trium
1657 2084 1836 2143 pedum,

1742 2152 1834 2191 alti-
