1976 2605
567 139 658 191 19⁸
824 127 1308 180 ΕΧΡΕΜΜΕΝΤΑ
1344 128 1568 181 CORAM

564 267 662 298 uata
692 255 768 296 fuit
794 265 842 297 vt
872 253 1059 295 altitudo
1086 253 1161 293 AF
1189 252 1293 293 esset
1321 266 1347 303 9
1378 253 1484 306 poll.
1511 265 1538 304 7
1568 253 1844 296 lin.altitudo

565 332 709 359 autem
733 319 803 359 sz
826 330 883 357 10
908 315 1015 369 poll.
1081 316 1156 356 His
1176 316 1374 358 omnibus
1400 318 1461 356 ita
1479 317 1530 356 ad
1561 320 1838 371 experimen-

566 395 657 422 tum
690 381 984 433 praeparatis,
1031 389 1134 422 tunc
1160 390 1317 434 aperto
1350 379 1524 420 orificio
1553 380 1595 420 in
1623 382 1698 424 BC
1726 383 1841 436 aquis

567 444 745 485 effluxus
773 444 1096 485 concedebatur
1120 455 1163 486 et
1186 445 1389 499 protinus
1419 444 1639 485 descendit
1662 457 1766 498 aqua
1797 447 1841 485 in

566 513 672 552 tubo
690 509 864 559 vitre0‚
909 508 1044 549 veluti
1071 520 1127 548 ex
1151 521 1175 550 u
1204 509 1286 563 ing
1301 536 1312 558 ‚
1352 520 1481 562 quem
1502 507 1690 561 locumg
1709 510 1843 550 rursus

566 572 653 614 alio
679 573 926 613 notauimus
946 570 1024 612 filo
1045 571 1234 623 sericeo,
1274 582 1400 614 antea
1426 572 1531 613 tubo
1552 572 1842 613 circumuolu·

567 647 633 677 to.
699 636 756 677 Et
781 635 835 676 fic
858 636 1041 689 denique
1062 636 1162 677 talia
1181 638 1372 690 cepimus
1393 637 1712 690 experimenta.

695 697 1028 753 ,Ea-perimentum
1059 713 1099 740 1.
1169 701 1281 744 Cum
1307 701 1521 741 diameter
1550 698 1778 740 foraminis
1799 698 1842 739 in

570 763 784 816 operculo
813 764 888 807 BC
919 763 1023 804 effet
1054 765 1110 823 235
1135 763 1210 806 lin.
1239 763 1315 805 fuit
1346 764 1562 805 descensus
1588 775 1637 815 ng
1666 761 1842 802 tantillo

568 828 712 867 maior
738 840 821 868 vna
847 827 984 877 linea,
1025 827 1085 867 ita
1114 838 1159 869 vt
1182 827 1298 869 nulla
1315 826 1559 869 differentia
1578 825 1844 867 inter-theo·-

567 892 679 931 riam
708 902 752 930 et
772 891 999 931 successum
1020 893 1319 943 experimenti
1337 891 1554 932 obseruari
1575 890 1759 942 poterit.

692 950 1025 1006 Experimentum
1063 967 1102 992 2.
1183 954 1387 995 Affumto
1424 956 1511 995 alio
1550 953 1763 1007 operculo
1798 953 1843 992 in

567 1027 655 1068 quo
695 1016 912 1055 diameter
951 1016 1176 1056 foraminis
1206 1026 1300 1057 erat
1329 1016 1386 1076 3}
1409 1018 1484 1056 lin.
1522 1027 1593 1057 aut
1627 1015 1843 1069 paululum

570 1078 714 1118 maior
742 1076 959 1118 descensus
984 1088 1039 1129 ng
1066 1078 1311 1118 obseruatus
1330 1079 1407 1118 suit
1426 1079 1499 1117 sex
1515 1079 1726 1118 linearum
1745 1089 1843 1116 cum

569 1140 724 1180 duabus
744 1140 886 1180 tertiis
907 1139 1034 1192 plane
1055 1140 1190 1182 rursus
1207 1151 1256 1182 vt
1276 1140 1448 1181 theoria
1466 1140 1643 1179 indicat.

701 1200 1028 1255 Experimentum
1064 1217 1106 1254 3.
1184 1204 1399 1245 Adhibito
1432 1204 1569 1242 tertio
1609 1200 1840 1252 operculo,

573 1267 617 1306 in
639 1278 725 1319 quo
750 1266 962 1306 diameter
982 1264 1207 1305 foraminis
1229 1275 1322 1305 erat
1340 1267 1523 1317 quinque
1542 1262 1753 1301 linearum
1774 1270 1845 1301 aut

575 1330 883 1383 aliquantulum
906 1329 1073 1371 minor:
1104 1327 1346 1370 descensum
1365 1340 1413 1381 ng
1433 1326 1749 1379 obseruauimus
1771 1328 1843 1365 28.

571 1393 798 1433 linearum.
867 1393 925 1432 Vi
955 1391 1155 1431 theoriae
1181 1390 1362 1431 debebat
1390 1389 1472 1429 esse
1501 1390 1676 1429 circiter
1705 1401 1763 1440 29
1791 1388 1842 1427 li·

574 1468 751 1496 nearum
780 1465 858 1494 nec
879 1454 994 1493 enim
1015 1453 1216 1493 foramen
1236 1453 1421 1493 omnino
1443 1454 1625 1506 quinque
1647 1453 1781 1494 lineas
1797 1452 1844 1494 in

577 1520 797 1560 diametro
830 1517 988 1557 habere
1023 1515 1158 1556 visum
1196 1515 1288 1556 fuit.
1380 1514 1646 1556 Differentia
1691 1509 1843 1567 paruu-

575 1583 615 1623 la
641 1582 867 1622 tribuenda
894 1580 949 1620 est
976 1579 1328 1633 impedimentis,
1366 1591 1471 1631 quae
1501 1591 1603 1631 aqua
1632 1580 1675 1617 in
1706 1588 1843 1618 trans-

578 1646 698 1688 fluxu
721 1659 798 1698 per
823 1644 1003 1686 fistulam
1026 1644 1210 1696 patitur,
1252 1643 1484 1683 maioribus
1500 1654 1625 1695 quam
1652 1643 1693 1680 in
1717 1652 1842 1693 prae-

576 1709 829 1750 cedentibus
867 1707 1182 1761 experimentis
1217 1706 1272 1746 ob
1304 1707 1473 1747 auctum
1522 1713 1696 1745 motum
1732 1705 1845 1744 intra

580 1772 776 1815 fistulam.

703 1834 1038 1890 Experimentum
1083 1855 1128 1892 4.
1206 1832 1410 1885 Denique
1466 1831 1583 1872 nullo
1638 1830 1844 1884 apposito

580 1900 794 1954 operculo
816 1912 938 1953 aquas
959 1899 1091 1952 pleno
1114 1895 1287 1938 orificio
1311 1896 1481 1937 effluere
1503 1897 1694 1944 fluimus,
1720 1906 1842 1936 tunc·

580 1978 662 2017 que
679 1965 821 2004 omnis
841 1963 931 2003 fere
956 1975 1060 2016 aqua
1082 1963 1103 2002 ἐ
1125 1962 1230 2002 tubo
1249 1962 1396 2001 viti-eo
1425 1959 1584 2012 egressa
1610 1958 1708 2000 fuit:
1748 1969 1843 2011 pars

581 2037 729 2068 tamen
755 2027 892 2079 aliqua
924 2025 1152 2076 remanfit,
1193 2036 1315 2077 quam
1347 2024 1712 2076 deprehendimus
1738 2023 1840 2063 oeco

580 2090 716 2133 lineas
750 2090 899 2132 altam.
971 2090 1132 2133 Earum
1176 2097 1322 2130 autem
1363 2089 1546 2142 quinque
1589 2085 1842 2128 tribuendae

1750 2148 1843 2189 sunt
