1976 2605
537 159 628 213 DE
663 158 949 224 mue-15
1298 173 1405 228 '27⁴7

130 291 265 338 nione
290 285 509 346 plausibile
534 285 592 328 est
622 286 816 328 maxime
834 313 846 337 ,
886 297 985 328 eum
1013 285 1266 330 Praetorius
1301 291 1411 334 Rus-

129 361 197 401 sos
217 369 273 399 ex
294 355 350 396 sui
372 351 578 406 (anguinis
599 350 773 403 populo
797 351 1043 404 principem
1065 354 1411 407 repetiiss‘econ-

130 422 264 464 cludit
294 447 306 471 ‚
347 419 391 459 id
422 430 492 459 me
536 415 720 457 minime
761 417 963 455 omnium
1013 419 1254 469 perturbat.
1327 419 1414 463 Sed

130 485 303 540 quidam
343 482 535 527 Rutheni
560 479 769 521 adiiciunt
791 480 1005 532 amplius,
1045 482 1116 531 (3)
1153 481 1274 522 illum
1290 484 1413 526 Prus-

130 550 261 592 ficum
292 548 536 602 principem
565 543 772 587 Ruricum
806 554 940 594 genus
979 544 1141 584 duxisse
1176 546 1225 584 ab
1258 547 1412 589 Caesa·

131 615 189 656 ris
218 613 662 666 Augustigermanoi,
699 607 771 661 qui
803 607 847 646 in
885 607 1039 648 Prusiia
1084 607 1282 650 fortunas
1327 611 1416 653 suas

129 677 375 719 collocarit.
444 673 594 716 Fabula
635 670 717 722 est,
760 670 888 724 digna
919 672 1099 713 istorum
1150 684 1415 727 temporum

127 742 335 795 ingenim
377 740 496 795 quod
515 737 691 780 vetustis
719 738 1023 778 monumentis
1052 738 1416 792 intemperanter

127 805 383 847 abutebatur
413 805 465 845 ad
493 803 765 845 coniecturas
792 801 906 852 suas,
943 802 1217 843 coniecturas
1256 804 1414 846 edebat

127 883 214 923 pro
253 880 371 910 certa
408 868 532 909 sama.
600 866 863 907 Vincentius
909 865 1136 908 Cadlubco
1179 868 1414 924 episcopus

129 930 436 976 Cracouiensis·
452 930 736 971 fundamenta
776 930 880 967 iecit
929 929 1248 971 necessitudinis
1300 933 1413 974 illius

125 997 340 1051 Augustae
371 994 526 1034 domus
554 1003 653 1032 cum
685 989 848 1031 familia
878 1001 1033 1044 regum
1070 992 1284 1035 Polonica
1322 993 1409 1035 Ko-

113 1057 290 1112 seysko,
328 1070 454 1112 quam
489 1066 591 1096 ante
619 1054 800 1095 Piastum
833 1057 979 1106 ponit.
1047 1055 1289 1096 Lesconcm
1319 1067 1410 1098 ter-

123 1121 233 1161 tium
253 1122 418 1169 scribit,
460 1119 511 1162 C.
541 1116 699 1160 Iulium
728 1117 959 1160 Caesarem
993 1119 1126 1160 tribus
1151 1120 1325 1172 praeliis
1342 1122 1409 1164 vi-

124 1184 248 1234 ciss'e,
289 1185 331 1225 P.
360 1183 555 1226 Craffum
577 1183 688 1235 apud
711 1181 896 1224 Parthos
926 1184 1064 1232 (nam
1096 1193 1139 1223 et
1167 1184 1333 1226 Parthis
1365 1195 1411 1230 et

124 1247 251 1290 Getis
283 1257 325 1286 et
354 1247 500 1287 nescio
529 1247 675 1300 quibus
699 1245 1066 1300 Transparthanis
1093 1260 1174 1288 rex
1208 1248 1287 1290 suit
1324 1250 1407 1291 Le-

130 1313 241 1360 sco‚)
266 1322 361 1351 cum
385 1311 583 1352 omnibus
603 1310 746 1363 copiis
767 1310 988 1353 deleuiffc:
1012 1312 1241 1354 Caesarem
1264 1313 1409 1355 eidem

125 1374 283 1418 Iuliam
324 1374 521 1416 sororem
562 1376 605 1416 in
655 1375 992 1417 matrimonium
1033 1375 1249 1418 elocasse:
1290 1378 1409 1420 dotis

125 1441 233 1481 loco
266 1438 381 1480 fuiss'e
407 1439 664 1495 Bauariam:
703 1449 864 1478 contra
894 1438 1031 1479 Iuliae
1061 1451 1083 1480 a
1111 1440 1309 1482 Lescone
1334 1443 1409 1483 da-

127 1515 219 1545 tam
249 1502 330 1544 effe
370 1502 665 1548 Sambiensem
711 1502 755 1541 in
793 1501 945 1544 Pruffia
994 1504 1288 1556 prouinciam.
1359 1505 1406 1548 Si

127 1579 326 1621 quaeras»,
366 1578 487 1623 aqua
514 1565 766 1609 coniectura
806 1566 1037 1608 Vincen'tii
1079 1569 1156 1610 'ista
1206 1569 1406 1623 profesta

125 1632 237 1680 sint,
282 1632 371 1684 ipse
401 1632 478 1672 tibi
504 1630 617 1686 quasi
649 1631 791 1683 digito
823 1631 1052 1674 monstrat.
1121 1633 1308 1674 Lublino
1328 1646 1402 1675 an-

127 1707 199 1736 tea
225 1695 407 1736 Iulinum
438 1707 599 1737 nomen
630 1691 747 1735 fuiss'e
771 1694 1031 1736 Vincentius
1054 1696 1400 1740 credebatzcon·

128 1759 236 1800 fudit
267 1760 381 1799 enim
411 1758 591 1801 Iulinum
630 1759 844 1801 Slauicam
881 1761 934 1801 ad
983 1772 1103 1802 mare
1150 1760 1402 1804 Balthicum

123 1824 278 1864 vrbem
318 1836 412 1864 cum
439 1824 623 1866 Lublino
650 1851 662 1874 ,
706 1833 895 1877 propter
922 1825 1044 1867 vocis
1076 1838 1401 1879 congruentem

124 1888 291 1928 sonum.
357 1888 561 1943 Nempe,
600 1899 647 1930 vt
684 1889 758 1929 ille
786 1890 1026 1941 credebat,
1069 1901 1091 1930 a
1130 1890 1258 1933 Iulia:
1300 1892 1402 1932 iude

128 1954 212 1991 iam
253 1962 396 1992 cetera
442 1954 600 1995 eodem
648 1952 860 1993 trahenda
899 1966 1037 1995 crant.
1109 1954 1400 1998 Stomachum

127 2016 232 2056 haec
266 2028 447 2057 mouere
478 2018 650 2072 poss‘unt
672 2044 684 2068 ,
721 2029 819 2058 cum
855 2018 1068 2059 viscerum
1093 2021 1293 2062 omnium
1319 2022 1400 2061 do·-

125 2079 289 2120 loribus
310 2107 322 2131 ,
365 2081 505 2123 donec
531 2082 603 2124 iila
636 2092 726 2123 tam
757 2083 887 2124 cruda
919 2084 1055 2126 eiesta
1085 2082 1258 2126 fuerint.
1298 2085 1401 2127 Alia

718 2146 744 2185 Γ
768 2158 784 2187 t
827 2163 849 2199 3
1330 2150 1399 2189 via

206 2244 258 2281 (3,
284 2243 399 2275 Confer
426 2245 567 2276 Petreium
590 2249 621 2278 in
643 2230 799 2289 Chronico
825 2245 1032 2283 Moscouitico
1056 2237 1141 2287 parte
1168 2249 1206 2278 ΙΙ.
1231 2245 1397 2285 p,1391'cq·
