1976 2605
491 150 775 201 mim-ms
817 150 1096 200 cmmAE
1337 166 1433 217 269

157 279 341 324 Cnidios
370 275 483 319 haud
511 276 645 331 longe
676 288 697 316 a
737 285 871 330 portu
921 276 1121 318 dedicata
1169 277 1262 322 fuit.
1333 278 1440 321 Sub·

157 344 268 390 diale
302 345 419 386 circa
449 342 600 384 aedem
634 353 723 381 non
753 341 966 396 lapidibus
996 343 1171 384 stratum
1197 371 1208 394 ,
1248 344 1320 386 sed
1350 344 1436 385 fru-

155 408 301 462 giferis
330 407 552 448 arboribus
581 405 722 460 syluae
746 408 791 446 in
815 406 997 447 modurn
1023 407 1263 460 dispositis:
1303 421 1436 464 cypa-

154 473 269 524 riss'i,
310 473 479 524 laurus,
520 471 685 526 platani
724 470 1013 521 interiectae,
1052 471 1352 528 haederaeque
1389 487 1439 516 ac

154 538 298 589 vites,
337 539 461 588 (vino
492 537 609 577 enim
674 535 918 576 abundabat
982 535 1148 579 Cnidus
1175 536 1277 588 tali,
1320 540 1439 591 quod

155 603 342 645 multum
373 603 537 644 nutrire
565 611 608 643 et
639 599 854 654 sanguinis
881 601 1059 655 copiam
1090 602 1213 642 venis
1230 602 1435 656 suppedi-

155 678 248 709 tare
271 667 465 709 ferebant
492 665 690 717 Graeci‚)
726 669 795 716 (7)
832 666 946 707 vites
974 667 1137 719 igitur,
1175 668 1288 709 circa
1327 680 1436 708 vna-

151 745 364 786 quamque
401 733 546 775 dudi-ae
592 732 796 772 arborem
821 758 832 780 ,
873 731 1159 784 gratissimum
1209 732 1347 774 oculis
1382 731 1437 773 ad

152 796 434 850 voluptatem
473 796 760 852 spectaculum
783 797 1085 850 praebebant.
1156 795 1240 838 Sub
1286 798 1440 852 opacis

153 861 280 914 syluis
311 862 498 902 exedrae
528 872 688 912 erant,
730 861 773 902 in
802 861 950 917 quibus
988 861 1216 902 conuiuari
1270 862 1433 903 licebat

151 936 195 965 et
222 926 356 980 genio
382 925 643 980 indulgere,
685 927 736 966 ab
763 928 816 966 iis
839 937 991 966 tamen
1022 925 1193 966 honesti
1226 925 1437 968 homines

151 989 435 1042 refugiebant.
506 988 651 1031 Aedes
680 989 770 1042 ipsa
795 1000 955 1041 parua,
993 1000 1042 1030 vt
1066 989 1144 1029 dea
1165 990 1436 1043 speciatim-

150 1063 192 1093 ta
223 1068 311 1094 non
338 1053 494 1107 posset.
567 1052 748 1094 Foribus
769 1054 887 1092 enim
917 1052 1146 1105 pates-„istis
1173 1053 1260 1093 sola
1285 1055 1438 1094 Venus

148 1119 350 1157 anterior
390 1115 681 1156 cernebatur:
718 1114 828 1156 aliae
871 1128 894 1156 a
927 1126 1060 1169 tergo
1097 1115 1244 1167 fores,
1287 1118 1440 1172 quibus

148 1180 197 1219 ab
227 1181 406 1221 aedituo
438 1180 664 1230 reseratis,
701 1192 850 1221 auersa
894 1182 1075 1235 patebat
1139 1181 1292 1223 oculis.
1365 1182 1438 1224 Sic

148 1244 387 1292 Lucianus,
428 1255 478 1284 vt
516 1256 571 1286 ex
610 1257 664 1286 eo
711 1245 873 1285 Plinius
920 1245 1134 1299 explicari
1165 1256 1322 1300 queat,
1361 1248 1438 1301 qui

149 1307 398 1349 subobscure
431 1307 536 1349 dixit
558 1326 567 1350 ;
603 1306 780 1348 aedicula
805 1310 892 1348 eius
913 1315 1002 1350 tota
1023 1311 1241 1364 aperitur,
1279 1318 1329 1352 vt
1343 1322 1436 1353 con-

137 1369 363 1427 ]J'‘1'c·ip⁰ffit
384 1371 570 1427 vndique.
641 1373 828 1414 Anticae
859 1372 976 1413 fores
1017 1375 1274 1429 plerumque
1308 1387 1435 1418 crant

151 1448 356 1489 apertae:
420 1437 582 1477 auersas
624 1434 780 1475 clausas
834 1439 1014 1478 tenebat
1082 1439 1280 1481 aedituus
1312 1468 1323 1490 ,
1364 1443 1433 1482 vi-

151 1502 220 1542 rili
251 1512 293 1542 et
319 1500 471 1541 vestitu
502 1511 546 1542 et
568 1500 753 1540 nomine
784 1498 980 1543 foemina
1006 1501 1234 1557 sacerdOS,
1273 1517 1327 1546 ne
1341 1506 1434 1548 Ve-

152 1578 225 1607 nus
247 1594 261 1617 ,
299 1577 347 1607 vt
374 1566 526 1608 accidit
562 1564 822 1619 aliquando,
862 1567 1044 1609 iniuriae
1070 1568 1309 1624 prostaret.

270 1694 330 1734 Vt
354 1704 495 1735 autem
525 1704 631 1735 toto
687 1695 797 1735 orbe
842 1695 953 1738 dic'ta
1003 1695 1083 1737 fuit
1142 1697 1324 1750 Cnidia,
1368 1699 1431 1741 ita

152 1759 300 1802 Cnidii
334 1758 406 1812 ipsi
438 1757 656 1802 Εὔπλοιαν
694 1759 847 1801 dixere
877 1789 890 1811 ,
926 1761 1034 1802 teste
1076 1761 1291 1802 Pausania.
1359 1765 1431 1816 (8)

151 1825 265 1867 Nam
288 1823 530 1876 Venerem,
551 1824 671 1879 quod
703 1837 726 1864 e
750 1825 860 1866 mari
893 1825 1155 1879 prodiisset,
1193 1826 1428 1871 salutarem

152 1888 442 1942 nauigantibus
460 1890 694 1931 credebant
717 1889 960 1943 prauiffima
979 1891 1290 1946 superstitione
1301 1905 1427 1937 mor-

150 1953 272 1995 tales.
337 1953 531 1997 Leander
556 1955 670 2009 apud
698 1954 921 1996 Musaeum
960 1972 970 1998 :

651 2082 765 2136 Ss3
1314 2087 1422 2140 ΑὙ-

227 2230 293 2272 (7)
320 2232 488 2263 Athenaeus
507 2243 536 2274 p.
553 2243 606 2274 32·
649 2233 710 2276 (8)
737 2243 768 2275 p,
787 2241 823 2274 4,
