1976 2605
295 168 518 221 rto-AM:
547 161 723 216 cmv:
743 159 953 212 COMM2
973 160 1189 209 nmen:
1350 183 1370 210 2
1382 182 1440 222 svs

574 279 1048 347 LlGAMENTl-

163 383 643 451 CLAUICULARUM
691 389 1017 438 commums
1052 387 1445 443 DEscmPTm,

670 514 930 566 AUTORE

387 642 445 724 J
468 639 603 723 osia
702 631 1097 699 Weitbrech
1115 648 1176 692 te

369 807 586 861 Laniculas
616 826 714 859 cum
737 816 885 858 sterno
905 812 1242 864 cohaerere‚ita
1255 811 1451 868 quidem,
1487 821 1683 854 ‘rauxxui

399 895 447 925 vt
478 896 570 926 non
599 882 744 924 omnis
773 880 853 936 ipfi
882 890 1031 922 motus
1058 880 1267 934 denegari
1303 876 1452 932 possit,

397 961 489 990 vno
519 960 675 989 omnes
695 959 774 988 ore
796 946 1057 988 Anatomici
1081 943 1315 984 affirmant.
1342 943 1456 983 Hinc

402 1023 446 1053 et
475 1011 779 1062 cartilaginem
810 1010 1025 1048 mobilem
1069 1018 1162 1047 non
1209 1005 1349 1047 solum
1388 1006 1454 1046 in—

169 1077 399 1117 tericd'tam
431 1074 590 1114 habent
623 1100 633 1121 ‚
673 1072 743 1112 sed
770 1081 816 1110 et
839 1082 929 1110 tam
960 1069 1149 1108 sternum
1171 1079 1299 1121 quam
1321 1068 1454 1108 claui-

168 1140 288 1177 culae
332 1139 375 1175 in
427 1136 554 1188 ipsius
606 1135 827 1175 iuncturae
863 1132 1093 1186 superficie
1120 1131 1454 1184 cartilaginosae

166 1201 284 1249 sunt,
328 1200 486 1252 suoque
520 1211 651 1240 muco
681 1198 983 1247 obliniuntur,
1027 1209 1080 1237 ne
1110 1208 1167 1238 ex
1198 1197 1327 1237 nimis
1348 1197 1457 1237 forti

173 1263 381 1304 frictione
409 1263 638 1315 quidquam
661 1263 807 1302 damni
841 1263 1050 1302 oriretur.
1120 1263 1191 1301 An
1214 1272 1326 1300 vero
1366 1261 1452 1300 cla-

171 1325 336 1366 niculae
364 1325 452 1365 aiio
487 1327 678 1378 quoda-m
725 1325 905 1364 vinculo
952 1336 1050 1364 cum
1097 1325 1243 1365 sterno
1286 1324 1454 1365 firmius

175 1390 496 1441 coniungantur
523 1385 539 1428 ,ἶ
578 1390 662 1430 siue
689 1400 740 1428 an
766 1387 880 1429 inter
911 1389 950 1428 se
979 1387 1060 1428 sint
1087 1385 1359 1441 copulatae?
1400 1390 1453 1430 de

177 1453 264 1494 hoc
289 1464 399 1493 vero
434 1451 570 1492 altum
619 1451 677 1490 est
723 1451 879 1505 vbique
924 1450 1158 1491 silentium.
1227 1452 1454 1494 Blanditus

179 1519 310 1570 igitur
336 1518 421 1556 sum
461 1514 663 1556 mihimet
692 1525 778 1567 ego
808 1514 895 1568 ipse
915 1515 1017 1564 diu,
1061 1523 1104 1554 et
1134 1513 1259 1555 facile
1281 1516 1331 1556 ab
1361 1516 1455 1559 aliis

177 1582 377 1623 assensum
423 1580 628 1629 obtinui,
668 1578 781 1633 quasi
829 1579 917 1620 hoc
961 1579 1254 1632 ligamentum
1286 1607 1298 1629 ,
1339 1583 1455 1623 cuius

177 1658 287 1686 nunc
317 1645 657 1698 descriptionem
688 1644 830 1693 dabo,
875 1644 1006 1697 plane
1031 1656 1196 1685 nouum
1227 1643 1354 1695 esset,
1378 1645 1453 1686 nisi

179 1710 365 1750 tandem·
381 1710 425 1748 iu
447 1709 656 1751 Iohannis
692 1708 872 1750 Riolani
899 1708 1191 1749 Euchiridion
1211 1710 1453 1749 Anatomi-

179 1786 275 1814 cum
313 1772 579 1823 incidissem,
620 1774 664 1812 in
694 1776 811 1814 cuius
845 1773 981 1815 Libro
1027 1772 1152 1813 sexto
1197 1771 1452 1826 Osteologi-

181 1851 249 1878 am
279 1849 434 1877 nouam
482 1850 536 1878 ex
582 1839 830 1878 recentibus
876 1837 1151 1878 cadaueribus
1180 1838 1454 1889 depromere

182 1901 360 1942 molitus
387 1903 531 1943 Autor
559 1903 719 1956 Capite
748 1902 923 1943 decimo
951 1903 1089 1943 tertio
1129 1902 1181 1941 de
1220 1901 1454 1944 clauiculis

181 1966 425 2005 memoriae
451 1967 657 2008 tradidit:
698 1967 852 2021 „quod
876 1967 990 2008 inter
1017 1967 1056 2006 se
1087 1967 1254 2007 iunctae
1286 1966 1368 2007 s1nt
1404 1978 1452 2007 ac

180 2030 398 2073 renine'tae
441 2057 453 2080 ‚
508 2032 734 2072 interuentu
778 2029 926 2084 robusti
974 2029 1178 2084 ligamenti
1210 2058 1266 2081 ‚,.
1334 2031 1451 2072 Haec

179 2106 290 2134 vcro
316 2095 562 2136 admonitio
593 2109 690 2136 cum
723 2108 745 2136 a
778 2095 958 2149 posteris
987 2095 1270 2149 scriptoribus
1299 2095 1449 2148 negle-

180 2159 245 2200 cta
277 2158 404 2200 fucrit
433 2175 446 2213 3
482 2161 707 2203 inuentum
734 2162 779 2203 in
807 2160 847 2202 sc
873 2160 1049 2215 quidem
1084 2172 1174 2202 non
1204 2159 1334 2216 plane
1368 2172 1449 2199 no-

1351 2234 1450 2264 uum
