1976 2605
413 1401 486 1438 Fig.
501 1409 530 1439 3.

587 198 677 236 268
734 186 1239 238 A‘NNOTATIONES
1266 187 1351 233 ΕΤ
1375 188 1848 238 ΕΧΡΕΗΙΜΕΝΤΑ

709 308 743 355 9.
789 327 861 352 11.
931 309 1122 351 Grauior
1178 307 1335 348 horum
1391 308 1669 361 globulorum
1737 324 1851 365 apex

582 377 805 430 praecedit
854 376 1026 424 (emper
1056 400 1067 422 ‚
1109 385 1209 411 caua
1256 381 1379 424 purte
1428 375 1603 425 conica,
1646 385 1850 428 tanquam

581 440 783 486 leuiore,
822 436 1126 489 subsequente,
1164 438 1206 475 id
1228 437 1342 488 quod
1383 436 1555 477 theoria
1594 449 1737 477 motus
1769 441 1848 478 do-

580 511 649 541 cet
682 528 693 550 ‚
732 511 775 539 et
825 501 949 552 praxi
1000 500 1303 539 confirmatur.
1373 499 1418 541 Si
1472 502 1587 540 enim
1637 503 1850 542 eiusmodi

579 564 777 618 globulus
816 575 1019 613 murum,
1059 576 1114 603 ex
1150 563 1358 615 lapidibus
1404 564 1645 604 durioribus
1689 567 1849 605 exstru-

582 630 694 669 &um
722 654 732 676 ,
776 626 907 675 ferit,
949 637 1048 666 tunc
1080 627 1272 679 autopsia
1302 628 1536 667 veritatem
1560 628 1734 680 probat,
1752 631 1849 668 dum

582 692 626 730 in
661 689 842 730 dilatato
874 689 1011 742 globo
1037 690 1214 730 circulus
1245 692 1524 743 cognoscitur
1569 692 1592 733 ἐι
1630 690 1712 730 basi
1751 694 1852 733 coni
1909 728 1912 731 ,

583 753 783 794 residuus.

714 813 750 859 §.
797 832 814 856 1
830 831 852 856 2
923 817 1216 859 vehementia
1244 832 1355 860 vero
1377 819 1478 860 ictus
1501 831 1553 860 ex
1573 832 1627 859 eo
1650 827 1850 873 apparet,

581 881 699 934 quod
727 880 923 932 globulus
945 908 957 931 ,
999 883 1049 921 ad
1079 882 1266 938 lapidem
1296 882 1430 921 allisus
1458 885 1500 921 in
1531 894 1707 924 tenuem
1728 883 1854 923 lami-

583 956 682 982 nam
717 944 962 993 plumbeam
993 944 1192 986 dilatatus
1219 946 1538 999 conspiciatur,
1575 959 1621 986 ac
1644 946 1672 986 si
1709 945 1856 986 mallei

583 1006 666 1045 istu
699 1004 886 1044 diductus
913 1004 1029 1043 esset.

716 1063 750 1108 §-
797 1081 871 1115 13.
946 1067 1181 1107 Meliorem
1212 1069 1345 1108 adhuc
1382 1069 1578 1110 effeetum
1613 1070 1658 1110 hi
1692 1069 1857 1124 globuli

585 1128 814 1177 exhibent,
851 1127 880 1166 fi
904 1130 1091 1168 maiores
1121 1130 1405 1169 adhibeantur
1433 1132 1519 1181 ipsa
1544 1133 1728 1170 cauitate
1747 1134 1854 1170 selo·-

587 1193 679 1246 peti
709 1190 946 1232 cochleatis
977 1192 1094 1232 sulcis
1124 1193 1323 1234 instruCti.
1393 1192 1617 1232 Orificium
1644 1192 1726 1231 scil.
1747 1192 1856 1231 sclo-

585 1258 681 1309 peti
715 1256 851 1303 oleo,
896 1257 1079 1306 axungia
1113 1258 1293 1306 porcina
1324 1257 1503 1302 mixto,
1546 1257 1658 1292 intus
1688 1255 1854 1306 inungi-

586 1331 690 1371 tur,
732 1320 977 1371 imponitur
1006 1318 1201 1369 globulus
1233 1320 1273 1357 in
1316 1317 1565 1364 orificium,
1607 1317 1664 1354 ita
1703 1327 1749 1356 vt
1788 1328 1855 1354 ca-

587 1385 697 1424 uitas
728 1384 882 1422 conica
903 1381 1226 1434 introrespiciat
1255 1390 1297 1419 et
1328 1380 1472 1419 mallei
1501 1379 1689 1430 plumbei
1720 1380 1806 1432 Fig.
1830 1393 1852 1430 3

588 1449 628 1488 A
669 1448 814 1487 ic'tibus
859 1446 1026 1483 iteratis
1077 1443 1366 1494 impellatur,
1407 1453 1507 1480 tunc
1557 1441 1707 1492 globus
1742 1443 1860 1482 sulcis

589 1508 860 1559 imprimitur
886 1531 897 1554 ‚
941 1505 1063 1556 super
1084 1504 1338 1543 abundantia
1361 1516 1468 1543 vero
1498 1515 1695 1544 ramenta
1718 1505 1857 1557 plum-

590 1572 702 1619 bea,
744 1570 794 1608 ad
826 1567 1096 1620 superficiem
1129 1566 1287 1606 orificii
1309 1565 1534 1606 haerentia
1556 1593 1568 1617 7
1610 1569 1856 1608 abscindun-

527 1663 534 1673 .
591 1643 673 1674 πυτ,
739 1633 886 1673 Postea
910 1630 1067 1670 bacillo
1095 1629 1242 1684 ligneo
1274 1630 1362 1681 Fig.
1391 1646 1434 1680 4.
1476 1631 1510 1670 B
1558 1631 1716 1682 digitos
1763 1642 1855 1671 tan·

591 1707 685 1737 tum
721 1708 740 1745 5
795 1695 966 1745 longo,
1007 1704 1071 1743 et,
1092 1692 1119 1732 si
1151 1695 1290 1746 placet
1317 1719 1326 1740 ,
1364 1695 1403 1732 in
1434 1704 1621 1744 vti-oque
1651 1705 1858 1733 extremo

593 1758 758 1800 annulis
789 1755 1043 1796 orichalceis
1070 1767 1094 1794 a
1124 1769 1150 1795 a
1173 1757 1369 1805 munito,
1412 1757 1587 1795 vlterius
1624 1769 1710 1809 ope
1752 1757 1858 1797 mal-

598 1823 655 1863 lei
687 1821 878 1874 plumbei
914 1821 954 1861 A
1002 1819 1295 1872 propellitur,
1334 1820 1506 1857 tandem
1540 1831 1616 1871 per
1665 1819 1858 1875 baculum

596 1886 896 1933 ordinarium,
939 1883 1189 1923 onerationi
1219 1883 1514 1934 sclopetorum
1546 1883 1755 1933 dicatum,
1794 1885 1858 1922 iu-

596 1950 785 1990 truditur
816 1959 946 2000 vsque
972 1947 1024 1986 ad
1054 1946 1240 1998 pulueris
1279 1946 1393 1997 pyrii
1443 1945 1744 1986 obduraculum
1790 1946 1861 1984 seu

597 2012 920 2064 spissamentum
944 2037 955 2059 ‚
995 2021 1095 2050 tunc
1124 2009 1209 2049 leui
1239 2010 1419 2062 negotio
1442 2009 1555 2048 cedit
1574 2008 1767 2062 globulus
1786 2009 1858 2047 ba-

601 2074 734 2124 culo,
772 2075 908 2114 modo
939 2075 1052 2114 reete
1082 2073 1120 2114 se
1149 2073 1300 2114 habeat
1331 2083 1374 2112 et
1398 2073 1537 2113 omnis
1563 2073 1664 2113 labis
1702 2082 1859 2124 expers

600 2137 652 2180 sit
679 2138 843 2179 tubulus
877 2136 1073 2191 sclopeti.

1702 2194 1736 2241 §-
1784 2211 1854 2249 14.
