1976 2605
193 153 747 217 oonsrnvcrroms
782 153 1143 210 METHODUS
1161 164 1252 214 &a
1305 182 1394 224 ωδ

249 282 287 331 5.
329 306 375 344 4.
440 283 492 325 In
515 280 731 323 anteriori
753 280 948 323 afferculi
967 284 1278 338 extremitate,
1308 298 1401 327 ere-

121 355 234 398 (tum
263 351 319 392 est
349 348 532 389 fulcrum
559 346 611 387 ad
642 345 823 398 angulos
851 348 1018 398 rectos,
1061 358 1105 388 et
1139 363 1162 401 3
1187 351 1212 405 ὲ
1240 351 1403 404 digitos

121 419 170 460 ab
195 415 282 457 hoc
305 413 428 455 distat
451 411 586 453 adhuc
619 411 803 451 alterum
830 411 916 449 talc
941 413 1081 464 priori
1105 412 1256 454 simile.
1327 415 1403 458 Su-

122 484 311 525 stentant
342 478 448 519 haec
478 475 625 518 tubum
648 486 704 515 ex
725 474 896 516 bractea
924 474 1065 517 ferrea
1094 477 1242 519 stanno
1268 479 1403 521 obdu-

123 550 188 591 cta
219 542 463 585 confestum
500 551 556 581 10
579 541 604 597 ᾗ
626 539 750 592 digit.
787 538 998 590 longum,
1040 535 1155 580 cuius
1187 541 1402 584 diameter

122 607 421 664 amplitudinis
451 608 505 646 18
538 603 612 644 lin.
641 613 809 657 aequat.
842 602 1146 644 Horizontalis
1169 605 1225 645 est
1247 607 1332 646 eius
1355 607 1401 647 fi-

126 687 213 725 tus,
257 683 299 713 et
329 683 424 712 cum
456 668 637 725 planitie
666 666 861 711 afferculi
891 668 1156 724 parallelus,
1203 669 1326 712 distat
1354 670 1402 712 ab

126 753 173 780 ea
196 743 225 780 6
246 740 271 795 ὲ
296 737 418 790 digit.

248 827 284 874 §.
327 845 368 883 5.
434 830 543 872 Tubi
602 830 819 872 anteriori
865 829 1043 872 orificio
1087 830 1296 874 insertum
1344 831 1403 873 est

119 896 373 952 operculum
402 896 444 936 in
473 906 632 937 centro
662 894 929 937 foraminulo
966 911 982 944 ῃ
1002 899 1025 955 ὲ
1049 896 1181 938 lineas
1228 898 1270 936 in
1311 896 1400 938 dia-

120 967 268 1004 metro
307 959 458 1014 amplo
498 959 793 1014 perforatum.
870 961 1085 1002 Posterius
1123 961 1213 1001 tubi
1251 971 1402 1001 extre-

117 1040 236 1068 mum
260 1025 420 1078 recipit
441 1024 655 1078 capsulam
675 1024 797 1064 vitro
820 1024 1084 1079 polyedrico
1108 1025 1370 1067 instructam.

245 1117 279 1164 §.
323 1124 368 1160 6.
436 1119 487 1161 In
519 1120 663 1161 altero
693 1118 887 1160 afferculi
917 1131 1127 1162 extremo
1159 1121 1302 1162 erecta
1344 1120 1401 1162 est

115 1185 257 1227 tabula
279 1185 369 1227 alba
394 1182 794 1239 perpendicularis,
837 1184 1036 1238 planitiei
1061 1186 1266 1240 polyedri
1290 1186 1311 1226 e
1337 1186 1401 1224 di·

117 1260 291 1289 ametro
329 1249 538 1301 opposita
559 1277 570 1299 ‚
619 1250 678 1289 ita
706 1258 753 1288 vt
785 1250 885 1288 axin
917 1262 971 1290 ex
1001 1262 1161 1290 centro
1191 1248 1401 1305 polyedri

117 1325 196 1366 per
217 1320 418 1352 centrum
441 1311 609 1352 tabulae
632 1309 812 1351 tranfire
834 1313 1127 1366 concipiitur.

247 1401 284 1449 §.
324 1419 366 1455 7.
437 1406 485 1446 In
523 1407 674 1446 medio
705 1406 874 1446 tabulae
903 1409 1017 1459 pieta
1049 1408 1105 1448 est
1137 1409 1285 1462 imago
1306 1408 1397 1450 Im-

121 1472 370 1526 peratricis‚
411 1470 518 1510 viuis
540 1468 787 1517 coloribus,
822 1468 968 1522 sparsis
990 1471 1103 1511 circa
1124 1470 1242 1512 illam
1265 1473 1398 1513 variis

118 1536 326 1585 floribus,
373 1534 497 1575 vario
527 1533 633 1583 situ,
684 1532 1048 1588 flagrantibusque
1079 1535 1302 1577 coloribus
1330 1537 1395 1576 vi·

117 1601 203 1641 snm
235 1598 558 1640 delectantibus.
625 1597 786 1638 Tabula
823 1612 878 1639 12
911 1599 998 1652 dig.
1028 1599 1227 1641 decimal.
1255 1601 1395 1644 Rute-

120 1667 240 1704 nicos
269 1675 311 1704 et
342 1664 426 1704 alta
457 1673 499 1703 et
530 1662 616 1704 lata
645 1671 763 1712 erat,
803 1663 981 1717 Effigies
1012 1665 1055 1704 in
1079 1665 1230 1706 medio
1254 1665 1396 1718 pofita

121 1740 321 1781 campum
345 1727 539 1780 replebat
563 1748 595 1787 4
617 1727 741 1782 digit.
767 1728 810 1768 in
835 1728 1055 1770 diametro
1079 1740 1357 1782 aequantem.

250 1818 286 1866 §.
326 1826 366 1863 8.
420 1823 470 1866 In
491 1824 782 1879 superioribus
800 1823 968 1868 tabulae
992 1823 1156 1878 angulis
1177 1824 1392 1878 conspici-

121 1888 300 1929 ebantur
328 1887 409 1929 duo
436 1888 612 1944 clypei,
659 1889 840 1932 ceruleo
871 1890 1027 1931 colore
1061 1890 1207 1939 tincti,
1250 1899 1294 1929 et
1318 1901 1392 1928 or-

122 1952 334 1993 namentis
362 1952 483 2006 pictis
511 1954 654 2008 septi,
702 1955 1040 2010 inscriptionem
1071 1964 1114 1996 et
1145 1953 1390 1995 dedicatio·

118 2029 220 2059 nem
255 2016 536 2074 exhibentes·²

688 2213 764 2257 Cc
804 2226 831 2254 2
1337 2213 1389 2254 In
