1976 2605
547 189 640 230 224
678 169 982 221 CONFIRM.
1013 170 1312 218 DILATAT.
1341 171 1553 236 ATQUE
1582 174 1805 223 CONTR.

673 293 706 339 ἒ.
759 290 834 347 gi.
902 295 1022 335 Dico
1061 293 1192 346 igitur
1230 306 1318 347 ope
1354 293 1474 335 huius
1510 298 1733 338 machinae
1766 301 1808 340 in

542 374 689 417 aquam
712 360 955 399 sementem
978 358 1186 397 immissae
1207 358 1348 411 palam
1372 358 1490 408 fieri,
1525 371 1667 401 vtrum
1690 362 1820 412 filum,

543 423 810 465 metallicum
841 423 1045 464 dilatetur
1074 422 1139 461 seu
1173 423 1420 476 elongetur.
1487 423 1544 463 Et
1578 426 1620 464 in
1659 437 1808 479 aquam

542 485 853 541 frigidiflimam
874 486 1076 525 immersa
1096 486 1293 526 machina
1316 487 1508 535 docebit,
1537 497 1682 528 vtrum
1703 503 1809 530 con-

542 552 700 593 trac‘tio
730 550 791 589 fili
819 550 886 590 seu
914 550 1181 590 abbreuiatio
1209 552 1389 591 accidat.
1464 550 1658 592 Dilatata
1693 555 1808 593 enim

542 616 707 656 chorda
735 616 905 668 semper
934 614 1157 654 adducitur
1187 617 1337 655 eadem
1367 625 1494 668 atque
1532 616 1726 655 tenditur
1762 617 1811 656 ab

543 680 699 721 elastro
719 680 781 726 H,
822 689 864 718 et
885 679 1056 732 quando
1078 678 1242 718 chorda
1272 679 1569 729 contrahitur,
1613 679 1810 720 clastrum

541 746 673 784 cedit.
741 744 808 785 Ex
842 754 1030 796 Vtroque
1063 741 1263 783 trochlea
1290 744 1320 783 F
1346 744 1411 782 cui
1444 743 1813 784 circumuolutum

542 809 598 849 est
635 807 752 847 filum
785 807 1143 856 circumducitur,
1186 817 1229 847 et
1260 807 1447 846 indicem
1478 807 1745 861 applicatum
1775 806 1811 847 K

542 882 695 912 mouet
717 870 787 910 vel
806 873 857 911 ad
878 872 1078 911 dextram
1107 870 1178 911 vel
1206 871 1256 910 ad
1284 870 1503 913 sinistram.
1571 872 1686 912 Haec
1715 882 1811 911 mea

541 946 635 976 erat
656 935 848 972 intentio
870 935 1017 972 dehac
1041 933 1255 973 machina.

669 993 704 1040 §⁶
750 1008 824 1046 32.
893 996 1213 1047 Experimenta
1258 996 1337 1036 hac
1383 998 1582 1037 machina
1624 998 1814 1038 instituta

541 1062 627 1102 hoc
666 1059 805 1099 modo
853 1059 1094 1099 cesserunt:
1182 1057 1398 1098 Immerso
1436 1061 1727 1101 instrumento
1766 1061 1813 1101 in

543 1135 693 1176 aquam
716 1120 1047 1175 frigifflssimam,
1090 1120 1204 1160 nulla
1224 1121 1411 1160 mutatio
1438 1123 1590 1161 indicis
1618 1123 1810 1173 percipi-

545 1189 727 1233 ebatur,
776 1197 1013 1239 quanquam
1058 1196 1136 1236 per
1167 1181 1323 1222 horam
1354 1183 1410 1222 ibi
1448 1185 1707 1236 reliquissem
1743 1184 1810 1223 in-

544 1252 838 1290 strumentum.
898 1248 1073 1289 Deinde
1094 1247 1233 1286 statim
1257 1247 1301 1283 in
1322 1246 1638 1285 feruidissimam
1662 1247 1810 1297 impo-

544 1315 599 1355 sui
620 1309 1045 1361 instrumentum,sed
1064 1319 1107 1350 et
1130 1309 1185 1348 ibi
1209 1307 1321 1346 nulla
1343 1308 1471 1361 plane
1494 1309 1683 1348 mutatio
1703 1309 1811 1348 indi—

543 1381 599 1419 cis
625 1376 841 1419 obseruari
868 1383 1073 1430 poterat,
1112 1373 1265 1412 diutius
1295 1373 1428 1413 etiam
1455 1373 1497 1412 in
1527 1385 1575 1413 ea
1603 1383 1811 1414 manente

543 1441 848 1483 instrumento.

673 1498 709 1546 ᾧ.
738 1517 814 1553 33.
855 1501 1110 1543 Constantin
1130 1498 1235 1538 haec
1254 1498 1524 1541 instrumenti
1543 1501 1740 1551 faciebat,
1761 1509 1810 1542 vt

546 1570 598 1609 de
620 1568 705 1607 eius
724 1565 977 1606 sufficientia
1000 1564 1392 1615 ambigerem,quia
1416 1567 1708 1605 mutationem
1723 1566 1811 1604 suc-

545 1631 739 1673 cessiuam
756 1642 845 1670 non
859 1628 1138 1676 monstrabat,
1152 1639 1275 1680 quam
1291 1636 1439 1666 tamen
1454 1629 1688 1669 necessario
1703 1640 1810 1667 con-

544 1694 749 1736 tractioni
771 1703 813 1732 et
834 1692 1081 1733 dilatationi
1099 1689 1367 1739 successuum,
1392 1691 1441 1731 de
1462 1705 1540 1744 qua
1560 1691 1718 1732 nullum
1735 1691 1811 1730 du-

545 1761 661 1800 bium
685 1757 889 1797 habebam
914 1757 1196 1797 insecuturam
1218 1754 1330 1794 fuiffe
1353 1755 1548 1804 sciebam,
1572 1766 1810 1809 quanquam

548 1832 877 1871 momentanea,
901 1822 953 1861 de
973 1834 1052 1874 qua
1072 1819 1386 1867 controuersia,
1410 1819 1575 1859 incerta
1597 1827 1808 1860 maneret.

520 1911 536 1921 2
674 1882 709 1929 §.
756 1901 831 1944 34.
900 1884 1030 1927 Aliud
1058 1897 1080 1924 e
1114 1884 1236 1923 vitro
1272 1882 1600 1924 instrumentum
1638 1884 1689 1923 ad
1723 1882 1813 1922 hoc

548 1951 893 2004 phaenomenon
914 1947 1213 2002 inquirendum
1234 1955 1278 1986 et
1300 1945 1478 1987 caussam
1504 1947 1627 1989 saltus
1654 1946 1812 1999 liquio-

548 2015 605 2055 ris
633 2015 674 2052 in
714 2014 858 2066 phiala
895 2014 1211 2066 indagnandam
1243 2009 1481 2051 exhibitum
1513 2012 1570 2052 est
1596 2024 1616 2050 a
1645 2009 1808 2053 Clariss'.

546 2076 911 2131 D110.Biilfi74gero
930 2076 1105 2131 Colleg.
1127 2073 1383 2116 honoratiff.
1409 2076 1526 2130 quod
1553 2084 1597 2118 et
1623 2087 1646 2115 e
1673 2084 1812 2127 cupro

550 2140 870 2183 conficiendum
896 2142 1065 2194 curaui,
1103 2137 1190 2182 scil.

1667 2196 1703 2244 9.
1732 2210 1809 2252 35.
