1976 2605
483 165 796 218 Pssmcuzo
838 166 1142 218 Domus.
1385 188 1478 240 283

330 303 372 344 ς.
438 287 658 344 Fungoides
679 297 942 345 purpureum,
956 291 1137 347 pediculo
1157 305 1324 338 ramoso.
1393 300 1482 340 Hu-

208 359 267 400 ius
296 355 516 410 pediculos
545 357 585 394 in
613 354 777 406 aliquot
808 356 1013 398 diuiditur
1042 370 1189 399 ramos
1211 373 1266 402 ex
1298 362 1483 403 cinereo

207 421 452 467 albicantes,
483 419 550 472 qui
588 417 730 457 ferunt
762 420 982 459 acetabula
1015 434 1171 473 parua,
1195 425 1308 464 intus
1336 428 1481 466 cocci-

204 497 299 534 nea,
321 484 511 525 exterius
530 480 651 528 fusca,
678 480 753 534 pifi
775 483 1093 535 magnitudine.
1129 485 1180 526 In
1201 488 1323 540 syluis
1335 490 1480 532 mense

202 548 398 590 octobri.
476 544 575 585 Vld.
598 544 668 598 fig.
696 558 737 595 ς.

321 627 394 667 His
419 621 633 664 accenseri
666 623 808 674 potest
838 622 918 663 alia
954 623 1120 677 species
1150 625 1329 680 exigua,
1353 628 1478 669 valde

203 699 354 731 tenera
376 715 387 738 ‚
408 688 450 728 in
480 685 592 726 foliis
621 686 726 727 Alni
763 687 946 740 putridis
966 688 1138 730 nascens
1162 717 1173 740 ‚
1214 702 1358 743 quam,
1380 693 1478 745 quia

199 765 311 794 nunc
338 753 390 793 ad
430 763 580 791 manus
610 762 698 791 non
729 752 1049 802 cst,de1ineare
1096 766 1184 794 non
1214 757 1354 807 potui.

316 831 373 872 Et
400 830 496 882 quia
527 840 686 882 paucae
715 828 853 870 adhuc
883 829 1157 882 Fungoidum
1192 831 1388 883 prostant
1424 830 1474 872 fi·

197 906 356 947 gurae,
398 893 591 934 addimus
611 891 679 932 hic
701 892 799 933 duas
816 894 980 946 species
1001 893 1087 934 fine
1111 895 1334 948 pediculo,
1361 908 1474 937 non·

200 960 301 999 dum
340 956 584 1010 descriptas.
653 958 796 997 Prima
841 958 899 998 est
938 954 1159 1009 Fungoides
1188 956 1347 1011 fufium
1388 972 1474 999 ma·

195 1022 258 1060 ius
299 1035 313 1070 ·,
349 1019 527 1060 secunda
569 1029 679 1057 vero
726 1016 946 1071 Fungoides
1001 1017 1188 1073 latescens
1246 1020 1364 1061 ollam
1408 1034 1474 1061 re-

190 1085 324 1133 terens
358 1109 369 1130 ‚
412 1095 517 1134 quae
545 1081 587 1119 in
615 1081 789 1131 Ingriae
819 1081 942 1132 syluis
968 1083 1207 1132 gramineis
1243 1083 1339 1133 post
1377 1084 1472 1134 plu-

195 1146 285 1186 uias
319 1141 585 1184 autumnales
629 1143 926 1199 reperiuntur.
993 1142 1107 1204 yid.
1153 1142 1225 1201 fig.
1262 1150 1307 1187 6.
1344 1144 1387 1186 ὅ(
1425 1155 1468 1194 7.

888 2191 974 2238 Nn
999 2211 1042 2250 3.
1285 2194 1454 2238 CLAS-
